2898 4754
365 1235 623 1446 'unus
646 1232 1210 1408 'scemurensem
1249 1454 1252 1460 ι
1275 1259 1289 1332 ⁷

238 1523 241 1534 ’
309 1507 385 1613 nu
423 1471 845 1612 scscnronnn
866 1474 1277 1626 hienricus

438 1635 480 1642 ·“
538 1673 576 1696 .‚
628 1628 995 1750 ¹unmrrournus.
1177 1691 1179 1696 .
1238 1693 1241 1698 ,

692 1859 893 1872 m*-

665 2015 967 2135 mwsro.l
1083 2053 1101 2135 g
1150 2009 1175 2100 ’.
1232 1995 1266 2050 ³

327 2223 433 2292 ¹(lorum
455 2225 489 2299 de
517 2224 677 2284 scholiorum
705 2229 807 2284 ratione
834 2233 911 2302 etque
939 2193 1096 2288 auctoritate
1116 2226 1173 2303 jam
1206 2235 1334 2300 constare

262 2313 398 2394 videatur,
426 2312 460 2370 'ad
488 2315 562 2387 ipsas
585 2330 680 2368 eorum
708 2311 842 2368 lectiones.
867 2310 1026 2372 accedimus.
1073 2309 1189 2374 Quarum
1215 2315 1332 2386 primurn

256 2419 309 2458 ees
331 2397 527 2474 componemus,
548 2407 615 2472 quoe
643 2403 730 2454 rectae
744 2403 784 2464 ‚et
805 2399 934 2472 genuinae
956 2402 1026 2463 sunt,
1048 2397 1105 2454 sive
1127 2397 1193 2453 solis
1215 2395 1334 2455 scholiis

263 2489 320 2544 sive
348 2481 458 2541 scholiis
484 2497 516 2538 'ac
544 2483 618 2540 libris
648 2483 816 2557 praebentur3
849 2488 965 2538 tumea
990 2478 1093 2538 scholis
1112 2479 1231 2548 afferam,
1261 2500 1335 2554 quoe
1444 2521 1445 2524 η

261 2576 374 2647 possunt
395 2567 440 2624 ed.
457 2573 568 2634 rectem,
603 2573 714 2642 possunt
743 2569 822 2622 etiarn
843 2565 877 2622 ed
898 2565 994 2622 falsam
1015 2568 1168 2640 scripturam
1189 2567 1335 2640 pertinere,
1444 2609 1445 2620 .

263 2652 358 2711 deinde
379 2671 422 2722 ee,
445 2670 510 2726 quae
532 2650 721 2724 discrepantiae
743 2653 855 2724 speciem
877 2649 981 2725 quidem
1000 2651 1139 2726 preebent,
1167 2647 1217 2706 sed
1237 2668 1336 2708 revera

263 2737 362 2796 ncillam
392 2738 542 2792 varietatem
564 2737 713 2800 continent,
740 2732 850 2807 denique
870 2741 987 2792 veterum
1007 2737 1176 2810 interpretum
1198 2735 1334 2811 conjectu·

241 2819 318 2891 ,πάι
351 2819 392 2876 Εο
413 2837 497 2892 usque
518 2821 599 2894 igitur
620 2835 697 2891 quum
720 2815 953 2875 escholiasterum
967 2817 1100 2877 codicibus
1114 2837 1167 2876 nou
1178 2816 1335 2876 discesseri-
1444 2823 1445 2854 i

263 2921 338 2972 nnus,
357 2905 412 2979 jam
434 2903 517 2958 falses
540 2919 629 2958 eorum
651 2904 792 2976 scripturas
822 2910 999 2966 annectemns.
1041 2902 1181 2960 Postremo
1211 2901 1243 2960 de
1272 2921 1334 2978 per·
1444 2911 1445 2956 l

263 3005 387 3048 sonarum
409 2984 590 3043 distributione
612 2992 638 3042 et
664 2984 695 3043 de
722 2984 880 3044 histrionum
910 2987 1155 3064 interpolationibus
1186 3005 1233 3056 cc,
1265 3005 1335 3062 quae
1444 2991 1445 2994 ’

263 3071 316 3134 huc
337 3076 471 3147 spectant,
492 3069 623 3146 adjiciam.

350 3154 444 3230 Capita
470 3157 551 3231 igitur
578 3153 720 3212 secundum
749 3155 890 3212 lectionum
918 3157 1029 3232 pretium
1056 3153 1193 3238 distribui:
1214 3157 1242 3212 in
1264 3157 1334 3230 ipsis

226 3235 229 3244 ¹
264 3261 328 3300 reno
350 3241 478 3314 capitibus
500 3257 621 3298 rensuum
648 3259 781 3298 numerum
809 3247 915 3297 secutus
937 3259 1010 3310 surr,
1046 3247 1073 3296 et
1094 3259 1129 3297 ex
1156 3237 1207 3298 hoc
1228 3238 1335 3313 quidem

264 3325 409 3383 fabularum
432 3323 534 3382 ordine:
564 3323 679 3381 Electra.
712 3321 790 3401 Ajax.
819 3323 987 3386 Trachinlae.
1013 3322 1185 3382 Philoctetes.
1215 3322 1337 3400 Oedipus
1444 3331 1445 3350 ¹

264 3409 332 3466 Rex.
349 3405 497 3484 Antigone.
526 3406 591 3466 0ed.
614 3408 757 3468 Coloneus.
801 3407 897 3486 Coegit
918 3429 960 3466 nne
981 3407 1085 3484 quidem
1107 3409 1154 3465 illa
1175 3407 1280 3475 divido,
1303 3417 1337 3465 ut

266 3491 299 3550 de
319 3493 406 3549 vorbis
427 3494 545 3566 proxime
566 3495 718 3570 compositis
744 3491 874 3549 interdum
897 3491 1009 3551 diversis
1031 3493 1098 3550 locis
1121 3511 1234 3570 agerem,
1256 3499 1282 3548 et
1304 3501 1338 3548 ut
1444 3543 1445 3546 ,

266 3597 312 3653 pro
335 3595 393 3632 mea
413 3579 496 3652 ipsius
519 3579 663 3643 sententia,
691 3594 767 3650 quam
789 3575 822 3632 de
843 3579 987 3653 scripturae
1008 3579 1133 3654 cujusque
1153 3579 1264 3634 venitote
1285 3573 1336 3632 ha·
1444 3591 1445 3596 ’

265 3663 370 3728 berem,
399 3661 518 3736 singulas
547 3661 731 3716 annotationes
760 3661 926 3721 collocarent.
968 3661 1022 3719 Sed
1044 3661 1144 3728 urulta,
1171 3659 1245 3716 velut
1266 3677 1337 3734 quse

245 3743 300 3815 ¹de
321 3745 476 3802 lectionibus
497 3763 532 3802 ex
552 3746 765 3818 interpretatione
794 3743 892 3814 ductis,
928 3744 960 3802 de
988 3744 1164 3822 discrepantia
1191 3747 1337 3802 memoriae
1444 3761 1445 3776 ¹

267 3847 354 3886 errore
378 3837 443 3896 orte,
464 3826 497 3884 de
517 3829 623 3894 librarii,
643 3845 695 3883 non
715 3826 914 3886 scholiasterum
932 3832 1014 3886 variis
1033 3831 1106 3886 lectt.
1122 3828 1261 3904 disputari,
1287 3847 1336 3884 ne·

267 3931 309 3968 mo
332 3910 430 3979 credat,
453 3911 597 3986 sisingula
617 3910 774 3980 efferantur,
797 3931 873 3970 nemo
897 3915 1022 3989 negabit,
1045 3913 1181 3970 simultis
1204 3912 1345 3987 exemplis·

198 4039 206 4060 .
268 3995 419 4052 confirmata
438 3991 542 4050 viderit.
585 3993 655 4053 Turn
683 4000 803 4070 quoniam
825 4015 878 4054 non
906 3995 938 4052 de
960 3995 1103 4072 Sophocle,
1125 3997 1174 4054 sed
1202 3999 1235 4053 de
1256 3994 1337 4053 scho·

267 4078 303 4136 lis
339 4077 486 4152 disputavi,
517 4077 653 4136 fortuitum
687 4099 810 4137 versuum
842 4097 976 4138 numerum
1006 4085 1082 4156 sequi
1113 4099 1165 4138 non
1195 4079 1336 4157 debebam,
1444 4081 1445 4110 ¹

37 4201 41 4210 ·
146 4213 154 4224 .
268 4165 346 4221 mimo
386 4161 525 4218 membrum
562 4161 700 4223 divisionis
738 4183 772 4222 ex
808 4169 868 4240 ipsa
903 4168 1101 4224 mactationem
1140 4166 1339 4240 lectionemque
1444 4185 1445 4256 .
