2898 4748
183 334 187 346 ⁴
239 313 304 395 idi

241 492 338 570 partin
358 487 457 550 nullan
478 483 606 567 personae
627 493 716 547 notan
740 483 846 558 addunt,
869 486 958 566 itoqne
980 501 1058 565 quum
1080 455 1216 552 nererrnl
1229 485 1317 552 lter

242 565 347 651 quidem
377 573 453 644 Hylli
481 593 576 631 nomen
603 573 762 650 praeligant,
794 572 905 631 Herculi
925 571 1064 642 tribuunt,
1093 604 1133 616 --
1165 579 1259 650 partim
1286 586 1314 634 et

245 657 319 728 chori
339 665 366 727 et
386 655 463 728 Hylli
482 675 578 720 nomen
597 659 736 734 praeirent*
771 655 877 722 Deinde
899 655 964 716 Ant.
985 677 1011 716 v.
1033 650 1112 718 576·

447 781 631 876 riirloypte'u',
652 782 695 860 ὦς
717 779 823 860 ἔοικε,
844 758 943 864 τήνδε
967 773 1174 864 κατθανεῖνς

245 949 260 988 e
286 925 364 986 codd.
391 934 432 984 est
457 927 592 1001 ismenem
624 925 672 986 sed
699 929 846 990 rectissime
868 925 903 983 A.
925 923 1076 984 Boeotius
1099 927 1212 994 monuit,
1241 922 1315 984 hano

245 1011 408 1087 sicquidem
431 1011 585 1086 languidam
605 1029 665 1080 esse
687 1015 881 1087 repetitionem,
911 1030 965 1068 non
987 1029 1063 1078 esse,
1092 1011 1117 1066 ri
1138 1008 1233 1068 chorus
1255 1030 1316 1066 ver·

244 1115 304 1152 sum
332 1087 496 1170 pr·onnntiet;
524 1095 587 1151 huie
615 1100 702 1152 autem
730 1095 783 1152 soli
805 1096 963 1154 submissam
984 1093 1057 1150 illam
1080 1095 1317 1169 interrogationem

245 1185 396 1256 tantumque
422 1181 503 1244 animi
529 1179 615 1252 frigus
644 1185 732 1252 aptum
763 1195 833 1234 esse.
876 1175 912 1234 Et
934 1176 1007 1232 chori
1029 1195 1125 1232 nomen
1145 1179 1173 1232 in
1195 1174 1263 1252 Aug.
1287 1180 1316 1235 b.

155 1273 158 1286 ·
246 1263 436 1335 praescriptum
458 1267 510 1330 est,
525 1259 652 1334 idemque
673 1261 756 1328 altero
779 1259 880 1328 scholio
904 1253 1050 1326 confirmari
1071 1263 1100 1316 in
1120 1277 1147 1335 p.
1169 1259 1205 1319 11.
1222 1254 1321 1336 oapi}

154 1407 157 1410 ,
246 1347 394 1418 suspicatus
416 1361 488 1412 sume
541 1366 545 1374 ·
582 1365 584 1370 ·

308 1491 414 1569 Accede
435 1493 470 1552 ad
490 1463 636 1572 Antigju.¹
652 1486 726 1558 572.
777 1545 782 1562 ,
822 1517 825 1524 ’

437 1599 616 1728 ,Ἰσμήνη
646 1612 691 1684 Ὦ
711 1615 858 1724 φίλραθ”
879 1592 1016 1706 stone,
1037 1613 1080 1695 ite
1101 1615 1133 1686 α’
1153 1613 1318 1706 ἀτιμάζει

450 1785 600 1873 Κρέων.
634 1721 817 1940 ’Ἀγξὲτξὲ
821 1749 828 1766 .
838 1790 952 1863 lentie
972 1787 1028 1856 καὶ
1051 1784 1092 1854 σύ
1113 1787 1174 1853 καὶ
1194 1785 1234 1852 τό
1255 1783 1320 1856 cie

637 1899 640 1952 ζ
739 1893 808 1956 χθὲ·

309 2006 430 2072 Priorem
458 2031 486 2072 v.
515 2013 635 2072 Irmenae
662 2031 715 2073 non
740 2011 819 2070 modo
848 2009 953 2070 codices
985 2030 1075 2068 omnes
1104 2014 1233 2080 tribuunt,
1266 2011 1318 2070 sed

247 2097 326 2160 etiarn
355 2098 500 2154 scholiasta
528 2115 670 2154 enarrans:
698 2087 738 2152 νὸ
760 2089 839 2168 σὸν,
875 2090 916 2153 τὸ
937 2087 1001 2154 ὑπὸ
1023 2091 1085 2154 σοῦ
1105 2085 1319 2172 ὀνομαζόμε-

247 2189 323 2240 νον
349 2163 424 2238 οἷον
450 2171 489 2236 ed
519 2169 624 2257 ὄνομα
653 2171 711 2248 τῆς
731 2171 884 2258 νύμφης,
912 2168 995 2236 tice
1016 2171 1198 2262 προβάλλῃ.
1240 2177 1319 2236 Ami-

248 2281 333 2339 gonae
352 2281 416 2326 vero
440 2281 499 2328 eum
521 2281 581 2320 esse
602 2260 768 2332 Boeckhius,
791 2263 967 2330 Suevernius‚
990 2263 1036 2318 alii
1058 2269 1223 2331 censuerunt,
1245 2265 1318 2338 ejus·

248 2339 298 2420 ¹que
327 2355 369 2404 est
398 2348 426 2402 in
454 2345 496 2404 ed.
525 2343 588 2402 Ald.
615 2364 647 2404 ao
673 2345 759 2402 inm.
799 2343 895 2420 Neque
921 2353 1008 2402 tamen
1036 2353 1121 2414 recte,
1150 2353 1180 2404 ut
1200 2345 1318 2412 ridetur.

247 2427 318 2485 Nam
343 2437 418 2488 tanta
439 2437 495 2486 erat
516 2432 684 2486 oeconomiae
705 2436 821 2485 veterum
844 2422 964 2486 scenicae
986 2430 1154 2504 simplicitas,
1183 2436 1213 2484 nt
1234 2433 1319 2485 raris·

248 2515 329 2580 sime,
360 2516 464 2586 quoties
493 2511 544 2568 dno
565 2510 686 2568 homines
709 2511 884 2582 dissererent,
915 2513 1076 2588 singularem
1097 2531 1200 2568 versum
1223 2511 1322 2570 darent

248 2599 342 2663 tertio,
376 2604 402 2652 et
432 2594 614 2668 disseruerunt
642 2593 720 2652 modo
749 2594 855 2652 lemene
880 2602 958 2670 atque
986 2593 1135 2672 Antigona,
1165 2613 1235 2652 nunc
1257 2597 1321 2671 jam

190 2719 197 2726 ,
247 2679 354 2735 lsrnena
375 2685 403 2736 et
424 2677 490 2736 Creo
513 2679 706 2754 oolloqountur.
741 2677 874 2737 Videlicet
893 2676 1029 2754 prohibuit
1049 2679 1211 2754 Antigonam
1232 2679 1322 2736 libera

248 2759 411 2834 honestaque
441 2766 617 2830 contumacia,
646 2765 786 2837 quominus
813 2765 894 2820 verba
908 2763 1025 2830 rement,
1054 2765 1099 2820 ubi
1120 2762 1152 2818 de
1174 2781 1323 2818 suoxoonn·

146 2887 153 2902 „
248 2841 326 2906 medo
349 2849 480 2918 ageretur.
521 2842 619 2917 Agitur
639 2853 726 2900 autem
749 2845 782 2902 de
802 2847 860 2921 ejus
883 2845 1035 2912 commodo,
1067 2848 1086 2902 i.
1109 2865 1134 2916 e,
1155 2845 1188 2903 de
1209 2847 1268 2921 ejus
1292 2853 1323 2904 et

246 2923 395 2996 Hermonis
416 2927 598 2996 matrirnonior
619 2944 645 2982 v.
667 2919 731 2984 568
752 2929 821 2984 enim
841 2929 906 2987 ism.
928 2933 1045 3005 quaerit:

443 3048 536 3128 ἀλλά
557 3052 684 3131 κτενεῖς
704 3054 852 3144 νυμφεῖα
873 3053 933 3128 τοῦ
954 3052 1080 3128 cericei
1102 3055 1233 3135 aierem
1258 3129 1263 3136 ,

226 3213 331 3272 ‚eaque
362 3189 510 3295 mppria
537 3199 565 3274 in
596 3215 623 3266 v,
653 3183 718 3256 570
748 3199 867 3256 nominat
899 3201 1046 3274 aptissima,
1095 3197 1215 3255 Pertinet
1235 3199 1325 3274 igitur

247 3273 316 3348 illu'd
343 3269 519 3356 ἆτιμαζειν
546 3279 581 3338 ad
607 3285 800 3348 matrimonium
828 3280 959 3339 Haemoni
986 3288 1151 3350 recusatum,
1181 3284 1200 3337 i.
1230 3299 1254 3338 e.
1287 3282 1326 3340 ad

248 3382 305 3420 rem
327 3360 513 3432 ornnihus‘hir
535 3367 657 3422 uersibus
679 3372 831 3434 tractatam,
853 3384 907 3434 non
928 3367 1014 3424 solnm
1036 3365 1071 3423 ad
1091 3365 1212 3421 ultimum
1234 3383 1261 3421 r.
1279 3395 1323 3408 -·

249 3446 303 3504 Sed
329 3465 362 3504 ne
382 3456 428 3504 ant
453 3447 485 3503 air
511 3446 615 3520 Ismene
641 3449 756 3506 alienum
783 3469 909 3526 sponsum
934 3468 1016 3525 posse
1042 3452 1206 3516 carissimum
1230 3448 1325 3524 appel·

159 3557 161 3562 ·
247 3531 307 3597 lari,
377 3537 388 3586 t
416 3548 502 3597 nonne
528 3532 655 3606 patruelis
682 3533 727 3589 ille
755 3541 811 3590 erat
833 3541 859 3590 et
881 3537 981 3591 sororis
1004 3551 1118 3610 sponsos
1141 3541 1168 3588 et
1189 3531 1326 3588 infantiae

249 3616 308 3684 sine
331 3613 409 3670 dubio
432 3612 553 3672 sodalis'i
592 3613 629 3672 m
649 3633 737 3672 nonne
759 3619 840 3674 etiarn
860 3633 1014 3692 praeconem
1036 3615 1182 3672 Teeroessa
1204 3615 1328 3690 appellat

250 3683 277 3763 ὠ
297 3687 438 3778 φίλτατ’
459 3689 607 3776 ἀνὸρῶνὲ
632 3729 671 3750 -τ-
693 3697 803 3776 Negant
822 3719 900 3776 porro
922 3695 963 3757 cd
984 3691 1045 3760 adv
1068 3691 1160 3777 λὲχος
1181 3697 1328 3756 commode

250 3779 284 3838 ad
321 3800 440 3848 smenam
469 3783 576 3850 referri,
609 3800 675 3856 quae
697 3801 729 3838 ea
749 3801 815 3840 voce
837 3803 871 3840 ne
893 3803 943 3843 usa
965 3783 1069 3858 quidem
1091 3788 1138 3850 rm,
1180 3781 1267 3856 Atqui
1291 3781 1329 3838 de

250 3879 278 3916 re
305 3873 375 3920 certe
399 3865 448 3932 illo
475 3873 601 3954 perpetuo
633 3872 675 3922 est
700 3866 801 3936 locuta3
833 3885 917 3955 neque
943 3869 1024 3938 multo
1055 3866 1131 3934 aliter·
1156 3863 1329 3942 Hippolytus

253 3944 323 4018 iliud,
339 3943 493 4024 Euripidem
513 3967 541 4009 v.
563 3944 625 4020 112
640 3951 697 4018 ‘aiii
1109 3959 1114 3968 “
1200 3945 1203 3952 ’

456 4071 519 4152 τήν
540 4073 603 4152 otiu
625 4075 660 4142 dl
683 4074 814 4164 Κύπριν
834 4075 931 4146 πόλλ’
952 4077 1016 4164 ἐγώ
1036 4071 1164 4166 χαίρειν
1179 4070 1282 4159 litt),
