2898 4748
678 1569 881 1672 curun
904 1555 979 1661 u.
1090 1553 1100 1568 ”

428 1823 486 1896 ou
516 1803 892 1906 souourrsuururu
919 1779 1228 1906 susurronis

753 2077 897 2091 *—

359 2311 402 2368 No
425 2332 440 2369 a
462 2315 620 2390 conjecturis
651 2313 753 2389 quidem
785 2323 848 2374 vett.
870 2322 1026 2394 interpretes
1048 2321 1209 2378 abstinuisse
1227 2326 1257 2378 in
1278 2329 1363 2399 partis

297 2401 393 2472 prioris
424 2418 479 2476 cap.
517 2395 526 2456 Ι
558 2407 584 2454 et
605 2393 627 2456 2
647 2399 770 2460 uidimus.
814 2399 909 2460 Variae
931 2407 1001 2460 enirn
1022 2421 1113 2462 eorum
1134 2405 1261 2464 lectiones
1283 2425 1364 2484 saepe

296 2485 347 2547 „iis
377 2490 439 2537 siunt
461 2483 596 2552 siuriles,“
624 2491 654 2538 ut
676 2486 713 2540 ait
734 2481 803 2540 Lon.
826 2485 860 2542 ad
881 2484 928 2562 nj.
949 2505 975 2542 v.
998 2479 1051 2556 57,
1080 2508 1165 2563 „quas
1187 2494 1272 2547 critici
1294 2494 1363 2549 uraie

296 2563 382 2622 seduli
411 2566 532 2625 fabricari
560 2566 648 2624 solent
669 2568 740 2624 nullo
764 2579 899 2647 corruptae
921 2574 1067 2647 scripturae
1087 2572 1202 2643 indicio,
1232 2573 1281 2632 sed
1303 2575 1364 2632 sola

191 2651 196 2658 '
296 2653 449 2706 mutationis
471 2651 598 2706 facilitate
621 2651 738 2711 allecti.‘-‘

358 2780 523 2855 conjecturis
551 2784 632 2857 igitur
661 2788 772 2858 priruuru
803 2804 946 2845 annumero
967 2787 1038 2864 quod
1058 2787 1093 2846 ao
1114 2781 1224 2850 πότνι’
1244 2780 1312 2872 α’ρά
1336 2798 1364 2850 iu

293 2861 337 2916 El.
362 2857 423 2920 112
444 2871 597 2919 annotatum
620 2875 661 2922 est
682 2883 733 2942 γρ.
755 2859 868 2926 ouria
889 2859 971 2950 ἄρα’,
991 2873 1071 2948 idque
1092 2893 1193 2932 rnecurn
1204 2868 1305 2938 Wund.
1329 2877 1364 2934 de

295 2943 378 3000 schol.
410 2965 434 3020 p.
464 2939 507 3004 37
534 2947 620 3003 facere
642 2948 752 3006 ridetur.
795 2939 966 3012 Desideravit
987 2965 1073 3015 autern
1095 2957 1211 3018 fortasse
1232 2965 1363 3036 interpres

192 3025 196 3034 '
294 3029 491 3116 significantiusv
509 3037 535 3087 et
556 3035 681 3089 usitatius
703 3029 853 3108 epitheton,
875 3055 967 3113 parum
988 3061 1052 3098 sero
1075 3043 1170 3118 longae
1192 3045 1292 3102 vocalis
1314 3047 1361 3101 eii·

292 3116 393 3169 sionem
423 3119 532 3175 curavit.
585 3115 713 3175 Fortasse
743 3117 892 3194 conjectura
920 3123 971 3180 fuit
998 3116 1184 3200 πολύπαις,
1217 3125 1287 3203 quoti
1313 3149 1360 3203 pro

292 3189 460 3267 πολύπους
486 3203 513 3256 in
543 3198 587 3256 El.
616 3193 681 3262 489
702 3206 729 3260 in
751 3202 889 3280 (Didyuri)
910 3203 1109 3284 hypomnemate
1130 3212 1184 3288 legi
1206 3211 1291 3270 schol.
1314 3214 1359 3268 iiio

290 3280 349 3336 loco
373 3279 449 3340 dicit:
473 3287 517 3342 ubi
540 3304 616 3361 quruu
639 3290 796 3346 scriberetur

443 3403 516 3486 ἥξει
537 3413 595 3473 καὶ
618 3414 786 3490 πολύπους
808 3418 868 3488 καὶ
890 3417 1042 3506 πολύχειρ
1065 3469 1071 3484 .
1095 3467 1103 3487 .
1128 3470 1134 3484 .
1158 3471 1165 3484 .

437 3490 630 3577 χαλκόπους
651 3494 784 3582 Ἐρινύς,

193 3697 197 3701 ι
290 3636 487 3704 grarurnuticuur
512 3635 628 3692 fortasse
649 3635 701 3690 duo
724 3637 840 3712 epitheta
862 3641 895 3702 ad
919 3644 998 3720 pedes
1015 3649 1174 3720 pertinentia
1185 3648 1357 3706 offenderunt.

291 3715 375 3770 Siurul
397 3727 486 3772 tauron
510 3720 586 3774 etiarn
610 3704 782 3790 πολύπους
804 3722 915 3784 scholiis
938 3729 1111 3787 confirmatur.

355 3847 395 3903 iio
418 3847 462 3924 Aj.
485 3869 511 3908 v.
535 3843 596 3910 190
617 3871 642 3906 v.
666 3851 699 3908 11.
723 3873 779 3929 cap.
801 3850 831 3916 4.
855 3853 881 3936 5.
906 3856 934 3920 l.

352 3979 421 4036 Tum
444 3982 477 4036 ad
500 3975 640 4060 στέρξας
662 3976 769 4064 οἷνέχει
790 3994 816 4048 in
832 3985 877 4068 Aj.
899 3989 964 4053 212
984 3995 1070 4054 adseri
1090 4005 1144 4056 tuur
1167 4009 1222 4059 est:
1239 3991 1310 4062 Ἀνί
1330 4019 1359 4060 et

286 4049 321 4112 δὲ
350 4051 439 4158 ciue.
466 4054 548 4142 ἔχει·
571 4061 776 4148 παρέλκεται
802 4069 868 4154 γάρ
888 4066 912 4149 ἡ
933 4071 1014 4140 doct.
1047 4017 1197 4158 ”1μεινον
1219 4019 1358 4168 στὲρέα-

285 4155 352 4200 σαν
371 4139 470 4222 (εχει)
492 4165 557 4229 γρ,
578 4153 636 4209 scil.
659 4172 692 4212 ne
712 4162 872 4233 praepositio
894 4162 942 4219 iiia
964 4163 1102 4224 redundet.
