<?xml version="1.0" encoding="UTF-8"?>
<!DOCTYPE html PUBLIC "-//W3C//DTD XHTML 1.0 Transitional//EN"
    "http://www.w3.org/TR/xhtml1/DTD/xhtml1-transitional.dtd">
<html xmlns="http://www.w3.org/1999/xhtml" xml:lang="en" lang="en">
 <head>
  <title>
</title>
<meta http-equiv="Content-Type" content="text/html;charset=utf-8" />
  <meta name='ocr-system' content='tesseract 3.04.00' />
  <meta name='ocr-capabilities' content='ocr_page ocr_carea ocr_par ocr_line ocrx_word'/>
</head>
<body>
  <div class='ocr_page' id='page_1' title='image "./desophoclisscho00wolfgoog_0055.png"; bbox 0 0 2898 4754; ppageno 0'>
   <div class='ocr_carea' id='block_1_1' title="bbox 202 319 1448 4253">
    <p class='ocr_par' dir='ltr' id='par_1_1' title="bbox 252 319 296 390">
     <span class='ocr_line' id='line_1_1' title="bbox 252 319 296 390; baseline 0 0"><span class='ocrx_word' id='word_1_1' title='bbox 252 319 296 390; x_wconf 76' lang='lat' dir='ltr'><strong>dl)</strong></span> 
     </span>
    </p>

    <p class='ocr_par' dir='ltr' id='par_1_2' title="bbox 202 420 1445 656">
     <span class='ocr_line' id='line_1_2' title="bbox 253 486 1327 569; baseline -0.006 -14"><span class='ocrx_word' id='word_1_2' title='bbox 253 495 313 555; x_wconf 83' lang='lat' dir='ltr'><strong>dcun</strong></span> <span class='ocrx_word' id='word_1_3' title='bbox 333 489 550 569; x_wconf 80' lang='lat' dir='ltr'><strong>Aristophanem,</strong></span> <span class='ocrx_word' id='word_1_4' title='bbox 571 487 766 560; x_wconf 68' lang='lat' dir='ltr'><strong>hdstmchum,</strong></span> <span class='ocrx_word' id='word_1_5' title='bbox 795 487 952 562; x_wconf 78' lang='lat' dir='ltr'><strong>llidytnunt,</strong></span> <span class='ocrx_word' id='word_1_6' title='bbox 978 486 1228 567; x_wconf 71' lang='lat' dir='ltr'><strong>hypommshstss</strong></span> <span class='ocrx_word' id='word_1_7' title='bbox 1250 488 1327 550; x_wconf 82' lang='lat' dir='ltr'><strong>deni·</strong></span> 
     </span>
     <span class='ocr_line' id='line_1_3' title="bbox 202 568 1445 656; baseline -0.006 -18"><span class='ocrx_word' id='word_1_8' title='bbox 202 568 204 576; x_wconf 64' lang='grc'>’</span> <span class='ocrx_word' id='word_1_9' title='bbox 254 599 303 656; x_wconf 84' lang='lat' dir='ltr'><strong>que</strong></span> <span class='ocrx_word' id='word_1_10' title='bbox 325 581 430 637; x_wconf 88' lang='lat' dir='ltr'><strong>omnino</strong></span> <span class='ocrx_word' id='word_1_11' title='bbox 453 575 613 634; x_wconf 68' lang='lat' dir='ltr'><strong>abstinuisse</strong></span> <span class='ocrx_word' id='word_1_12' title='bbox 634 595 714 651; x_wconf 89' lang='lat' dir='ltr'><strong>snpra</strong></span> <span class='ocrx_word' id='word_1_13' title='bbox 726 575 920 636; x_wconf 72' lang='lat' dir='ltr'><strong>intelleximus..</strong></span> <span class='ocrx_word' id='word_1_14' title='bbox 936 573 1100 652; x_wconf 65' lang='lat' dir='ltr'><strong>(insequens</strong></span> <span class='ocrx_word' id='word_1_15' title='bbox 1121 579 1222 633; x_wconf 85' lang='lat' dir='ltr'><strong>smneri</strong></span> <span class='ocrx_word' id='word_1_16' title='bbox 1243 585 1326 644; x_wconf 90' lang='lat' dir='ltr'><strong>certe,</strong></span> <span class='ocrx_word' id='word_1_17' title='bbox 1444 569 1445 600; x_wconf 63' lang='lat'><em>⁴</em></span> 
     </span>
    </p>

    <p class='ocr_par' dir='ltr' id='par_1_3' title="bbox 254 657 1445 740">
     <span class='ocr_line' id='line_1_4' title="bbox 254 657 1445 740; baseline -0.002 -18"><span class='ocrx_word' id='word_1_18' title='bbox 254 669 299 740; x_wconf 85' lang='lat' dir='ltr'><strong>qai</strong></span> <span class='ocrx_word' id='word_1_19' title='bbox 320 664 363 721; x_wconf 86' lang='lat' dir='ltr'><strong>vel</strong></span> <span class='ocrx_word' id='word_1_20' title='bbox 385 665 497 720; x_wconf 67' lang='lat' dir='ltr'><strong>mamone</strong></span> <span class='ocrx_word' id='word_1_21' title='bbox 518 659 553 734; x_wconf 77' lang='lat' dir='ltr'><strong>ad</strong></span> <span class='ocrx_word' id='word_1_22' title='bbox 574 659 738 736; x_wconf 83' lang='lat' dir='ltr'><strong>conjectandi</strong></span> <span class='ocrx_word' id='word_1_23' title='bbox 759 658 895 719; x_wconf 80' lang='lat' dir='ltr'><strong>audaciam</strong></span> <span class='ocrx_word' id='word_1_24' title='bbox 916 660 1073 736; x_wconf 85' lang='lat' dir='ltr'><strong>compellere</strong></span> <span class='ocrx_word' id='word_1_25' title='bbox 1094 659 1196 728; x_wconf 77' lang='lat' dir='ltr'><strong>solent,</strong></span> <span class='ocrx_word' id='word_1_26' title='bbox 1219 657 1324 734; x_wconf 86' lang='lat' dir='ltr'><strong>Sopho·</strong></span> <span class='ocrx_word' id='word_1_27' title='bbox 1444 713 1445 720; x_wconf 72' lang='grc'>,</span> 
     </span>
    </p>

    <p class='ocr_par' dir='ltr' id='par_1_4' title="bbox 254 735 1325 822">
     <span class='ocr_line' id='line_1_5' title="bbox 254 735 1325 822; baseline -0.003 -17"><span class='ocrx_word' id='word_1_28' title='bbox 254 750 304 806; x_wconf 90' lang='lat' dir='ltr'><strong>clis</strong></span> <span class='ocrx_word' id='word_1_29' title='bbox 329 751 483 822; x_wconf 71' lang='lat' dir='ltr'><strong>interpretes</strong></span> <span class='ocrx_word' id='word_1_30' title='bbox 515 764 569 804; x_wconf 89' lang='lat' dir='ltr'><strong>non</strong></span> <span class='ocrx_word' id='word_1_31' title='bbox 601 753 753 814; x_wconf 79' lang='lat' dir='ltr'><strong>moverunt,</strong></span> <span class='ocrx_word' id='word_1_32' title='bbox 770 763 845 801; x_wconf 80' lang='lat' dir='ltr'><strong>nam</strong></span> <span class='ocrx_word' id='word_1_33' title='bbox 878 743 912 802; x_wconf 87' lang='lat' dir='ltr'><strong>ad</strong></span> <span class='ocrx_word' id='word_1_34' title='bbox 944 763 992 802; x_wconf 86' lang='lat' dir='ltr'><strong>eos</strong></span> <span class='ocrx_word' id='word_1_35' title='bbox 1012 744 1073 802; x_wconf 87' lang='lat' dir='ltr'><strong>solo</strong></span> <span class='ocrx_word' id='word_1_36' title='bbox 1094 743 1167 804; x_wconf 87' lang='lat' dir='ltr'><strong>Phil.</strong></span> <span class='ocrx_word' id='word_1_37' title='bbox 1188 764 1215 802; x_wconf 85' lang='lat' dir='ltr'><strong>s.</strong></span> <span class='ocrx_word' id='word_1_38' title='bbox 1236 735 1325 814; x_wconf 64' lang='lat'><strong>839„</strong></span> 
     </span>
    </p>

    <p class='ocr_par' dir='ltr' id='par_1_5' title="bbox 253 820 1326 908">
     <span class='ocr_line' id='line_1_6' title="bbox 253 820 1326 908; baseline -0.007 -18"><span class='ocrx_word' id='word_1_39' title='bbox 253 833 288 890; x_wconf 83' lang='lat' dir='ltr'><strong>sd</strong></span> <span class='ocrx_word' id='word_1_40' title='bbox 308 831 458 908; x_wconf 77' lang='lat' dir='ltr'><strong>prosodiam</strong></span> <span class='ocrx_word' id='word_1_41' title='bbox 480 839 565 888; x_wconf 88' lang='lat' dir='ltr'><strong>autem</strong></span> <span class='ocrx_word' id='word_1_42' title='bbox 588 829 673 886; x_wconf 87' lang='lat' dir='ltr'><strong>solum</strong></span> <span class='ocrx_word' id='word_1_43' title='bbox 696 832 723 885; x_wconf 87' lang='lat' dir='ltr'><strong>in</strong></span> <span class='ocrx_word' id='word_1_44' title='bbox 744 827 829 888; x_wconf 88' lang='lat' dir='ltr'><strong>schol.</strong></span> <span class='ocrx_word' id='word_1_45' title='bbox 841 828 886 886; x_wconf 83' lang='lat' dir='ltr'><strong>El.</strong></span> <span class='ocrx_word' id='word_1_46' title='bbox 899 820 951 890; x_wconf 78' lang='grc'><strong>82,</strong></span> <span class='ocrx_word' id='word_1_47' title='bbox 962 827 1039 888; x_wconf 70' lang='lat' dir='ltr'><strong>Phil.</strong></span> <span class='ocrx_word' id='word_1_48' title='bbox 1052 822 1103 886; x_wconf 78' lang='grc'><strong>26.</strong></span> <span class='ocrx_word' id='word_1_49' title='bbox 1126 828 1159 890; x_wconf 88' lang='lat'><strong>0.</strong></span> <span class='ocrx_word' id='word_1_50' title='bbox 1176 827 1235 908; x_wconf 77' lang='lat' dir='ltr'><strong>coh</strong></span> <span class='ocrx_word' id='word_1_51' title='bbox 1249 821 1326 889; x_wconf 75' lang='lat'><strong>268.</strong></span> 
     </span>
    </p>

    <p class='ocr_par' dir='ltr' id='par_1_6' title="bbox 252 907 1446 992">
     <span class='ocr_line' id='line_1_7' title="bbox 252 907 1446 992; baseline -0.003 -19"><span class='ocrx_word' id='word_1_52' title='bbox 252 924 436 992; x_wconf 81' lang='lat' dir='ltr'><strong>respexerunt:</strong></span> <span class='ocrx_word' id='word_1_53' title='bbox 458 913 598 990; x_wconf 87' lang='lat' dir='ltr'><strong>prosodiae</strong></span> <span class='ocrx_word' id='word_1_54' title='bbox 619 915 774 988; x_wconf 78' lang='lat' dir='ltr'><strong>imperitiam</strong></span> <span class='ocrx_word' id='word_1_55' title='bbox 796 919 882 970; x_wconf 87' lang='lat' dir='ltr'><strong>autem</strong></span> <span class='ocrx_word' id='word_1_56' title='bbox 904 931 981 988; x_wconf 90' lang='lat' dir='ltr'><strong>quum</strong></span> <span class='ocrx_word' id='word_1_57' title='bbox 1004 913 1065 981; x_wconf 80' lang='lat' dir='ltr'><strong>alia,</strong></span> <span class='ocrx_word' id='word_1_58' title='bbox 1087 907 1143 970; x_wconf 78' lang='lat' dir='ltr'><strong>tmn</strong></span> <span class='ocrx_word' id='word_1_59' title='bbox 1164 911 1327 970; x_wconf 82' lang='lat' dir='ltr'><strong>scholia-ad</strong></span> <span class='ocrx_word' id='word_1_60' title='bbox 1445 908 1446 986; x_wconf 74' lang='lat' dir='ltr'><strong>l</strong></span> 
     </span>
    </p>

    <p class='ocr_par' dir='ltr' id='par_1_7' title="bbox 252 989 1446 1075">
     <span class='ocr_line' id='line_1_8' title="bbox 252 989 1446 1075; baseline -0.003 -17"><span class='ocrx_word' id='word_1_61' title='bbox 252 1000 296 1062; x_wconf 85' lang='lat' dir='ltr'><strong>El.</strong></span> <span class='ocrx_word' id='word_1_62' title='bbox 311 995 380 1059; x_wconf 84' lang='grc' dir='ltr'><strong>ΙΙΙ.</strong></span> <span class='ocrx_word' id='word_1_63' title='bbox 402 1008 430 1056; x_wconf 84' lang='lat' dir='ltr'><strong>et</strong></span> <span class='ocrx_word' id='word_1_64' title='bbox 451 998 484 1060; x_wconf 87' lang='lat'><strong>0.</strong></span> <span class='ocrx_word' id='word_1_65' title='bbox 500 989 647 1067; x_wconf 61' lang='lat' dir='ltr'><strong>Tremuli.</strong></span> <span class='ocrx_word' id='word_1_66' title='bbox 669 995 801 1072; x_wconf 62' lang='lat' dir='ltr'><strong>prodant.</strong></span> <span class='ocrx_word' id='word_1_67' title='bbox 827 995 912 1060; x_wconf 80' lang='lat' dir='ltr'><strong>(luam</strong></span> <span class='ocrx_word' id='word_1_68' title='bbox 934 997 1119 1075; x_wconf 75' lang='lat' dir='ltr'><strong>negligentiam</strong></span> <span class='ocrx_word' id='word_1_69' title='bbox 1140 998 1332 1075; x_wconf 61' lang='lat' dir='ltr'><strong>sigrammo</strong></span> <span class='ocrx_word' id='word_1_70' title='bbox 1445 1007 1446 1062; x_wconf 55' lang='grc' dir='ltr'>ἴ</span> 
     </span>
    </p>

    <p class='ocr_par' dir='ltr' id='par_1_8' title="bbox 252 1081 1283 1158">
     <span class='ocr_line' id='line_1_9' title="bbox 252 1081 1283 1158; baseline -0.004 -17"><span class='ocrx_word' id='word_1_71' title='bbox 252 1087 366 1152; x_wconf 86' lang='lat' dir='ltr'><strong>metrici,</strong></span> <span class='ocrx_word' id='word_1_72' title='bbox 393 1081 575 1158; x_wconf 81' lang='lat' dir='ltr'><strong>praedicamus</strong></span> <span class='ocrx_word' id='word_1_73' title='bbox 596 1083 689 1140; x_wconf 90' lang='lat' dir='ltr'><strong>critici.</strong></span> <span class='ocrx_word' id='word_1_74' title='bbox 712 1113 752 1126; x_wconf 87' lang='lat'><strong>-·</strong></span> <span class='ocrx_word' id='word_1_75' title='bbox 1275 1138 1283 1150; x_wconf 75' lang='grc'>,</span> 
     </span>
    </p>

    <p class='ocr_par' dir='ltr' id='par_1_9' title="bbox 252 1161 1329 1580">
     <span class='ocr_line' id='line_1_10' title="bbox 336 1161 1329 1243; baseline 0 -19"><span class='ocrx_word' id='word_1_76' title='bbox 336 1165 456 1243; x_wconf 75' lang='lat' dir='ltr'><strong>Augetur</strong></span> <span class='ocrx_word' id='word_1_77' title='bbox 474 1185 538 1224; x_wconf 85' lang='lat' dir='ltr'><strong>vero</strong></span> <span class='ocrx_word' id='word_1_78' title='bbox 559 1163 719 1223; x_wconf 76' lang='lat' dir='ltr'><strong>scholiorum</strong></span> <span class='ocrx_word' id='word_1_79' title='bbox 741 1168 884 1224; x_wconf 85' lang='lat' dir='ltr'><strong>auctoritas</strong></span> <span class='ocrx_word' id='word_1_80' title='bbox 904 1167 948 1222; x_wconf 83' lang='lat' dir='ltr'><strong>vel</strong></span> <span class='ocrx_word' id='word_1_81' title='bbox 971 1167 1083 1222; x_wconf 83' lang='lat' dir='ltr'><strong>maxime</strong></span> <span class='ocrx_word' id='word_1_82' title='bbox 1107 1161 1224 1236; x_wconf 81' lang='lat' dir='ltr'><strong>Didymi.</strong></span> <span class='ocrx_word' id='word_1_83' title='bbox 1246 1183 1329 1240; x_wconf 79' lang='lat' dir='ltr'><strong>quam</strong></span> 
     </span>
     <span class='ocr_line' id='line_1_11' title="bbox 253 1249 1328 1327; baseline -0.003 -18"><span class='ocrx_word' id='word_1_84' title='bbox 253 1250 364 1309; x_wconf 82' lang='lat' dir='ltr'><strong>antehae</strong></span> <span class='ocrx_word' id='word_1_85' title='bbox 391 1249 611 1327; x_wconf 82' lang='lat' dir='ltr'><strong>significavimus,</strong></span> <span class='ocrx_word' id='word_1_86' title='bbox 639 1251 781 1306; x_wconf 81' lang='lat' dir='ltr'><strong>sobrietate</strong></span> <span class='ocrx_word' id='word_1_87' title='bbox 810 1259 836 1316; x_wconf 77' lang='lat' dir='ltr'><strong>et</strong></span> <span class='ocrx_word' id='word_1_88' title='bbox 858 1250 1009 1326; x_wconf 72' lang='lat' dir='ltr'><strong>diligentia,</strong></span> <span class='ocrx_word' id='word_1_89' title='bbox 1038 1267 1089 1324; x_wconf 86' lang='lat' dir='ltr'><strong>qua</strong></span> <span class='ocrx_word' id='word_1_90' title='bbox 1118 1249 1221 1308; x_wconf 84' lang='lat' dir='ltr'><strong>codices</strong></span> <span class='ocrx_word' id='word_1_91' title='bbox 1242 1253 1328 1325; x_wconf 72' lang='lat' dir='ltr'><strong>inspi·</strong></span> 
     </span>
     <span class='ocr_line' id='line_1_12' title="bbox 253 1332 1326 1410; baseline -0.001 -17"><span class='ocrx_word' id='word_1_92' title='bbox 253 1338 338 1393; x_wconf 85' lang='lat' dir='ltr'><strong>ciebat</strong></span> <span class='ocrx_word' id='word_1_93' title='bbox 369 1333 542 1409; x_wconf 86' lang='lat' dir='ltr'><strong>traditamque</strong></span> <span class='ocrx_word' id='word_1_94' title='bbox 573 1337 726 1408; x_wconf 85' lang='lat' dir='ltr'><strong>scripturam</strong></span> <span class='ocrx_word' id='word_1_95' title='bbox 753 1335 885 1394; x_wconf 62' lang='lat' dir='ltr'><strong>vtuebatur.</strong></span> <span class='ocrx_word' id='word_1_96' title='bbox 925 1332 1015 1410; x_wconf 81' lang='lat' dir='ltr'><strong>Atque</strong></span> <span class='ocrx_word' id='word_1_97' title='bbox 1047 1351 1082 1391; x_wconf 85' lang='lat' dir='ltr'><strong>ex</strong></span> <span class='ocrx_word' id='word_1_98' title='bbox 1113 1337 1190 1410; x_wconf 77' lang='lat' dir='ltr'><strong>ipsis</strong></span> <span class='ocrx_word' id='word_1_99' title='bbox 1211 1332 1326 1392; x_wconf 77' lang='lat' dir='ltr'><strong>scholiis</strong></span> 
     </span>
     <span class='ocr_line' id='line_1_13' title="bbox 252 1417 1326 1496; baseline -0.001 -19"><span class='ocrx_word' id='word_1_100' title='bbox 252 1425 367 1496; x_wconf 84' lang='lat' dir='ltr'><strong>apparet,</strong></span> <span class='ocrx_word' id='word_1_101' title='bbox 379 1422 555 1494; x_wconf 58' lang='lat' dir='ltr'><strong>interpretem,</strong></span> <span class='ocrx_word' id='word_1_102' title='bbox 569 1420 626 1474; x_wconf 88' lang='lat' dir='ltr'><strong>sive</strong></span> <span class='ocrx_word' id='word_1_103' title='bbox 642 1419 666 1474; x_wconf 81' lang='lat' dir='ltr'><strong>is</strong></span> <span class='ocrx_word' id='word_1_104' title='bbox 678 1417 808 1488; x_wconf 83' lang='lat' dir='ltr'><strong>Didymus</strong></span> <span class='ocrx_word' id='word_1_105' title='bbox 819 1419 876 1485; x_wconf 89' lang='lat' dir='ltr'><strong>luit,</strong></span> <span class='ocrx_word' id='word_1_106' title='bbox 894 1435 963 1493; x_wconf 79' lang='lat' dir='ltr'><strong>quae</strong></span> <span class='ocrx_word' id='word_1_107' title='bbox 986 1436 1044 1476; x_wconf 83' lang='lat' dir='ltr'><strong>rues</strong></span> <span class='ocrx_word' id='word_1_108' title='bbox 1060 1425 1102 1475; x_wconf 86' lang='lat' dir='ltr'><strong>est</strong></span> <span class='ocrx_word' id='word_1_109' title='bbox 1115 1421 1254 1486; x_wconf 84' lang='lat' dir='ltr'><strong>sententia,</strong></span> <span class='ocrx_word' id='word_1_110' title='bbox 1267 1420 1326 1476; x_wconf 76' lang='lat' dir='ltr'><strong>sive</strong></span> 
     </span>
     <span class='ocr_line' id='line_1_14' title="bbox 253 1499 1322 1580; baseline 0 -20"><span class='ocrx_word' id='word_1_111' title='bbox 253 1505 322 1560; x_wconf 84' lang='lat' dir='ltr'><strong>alius</strong></span> <span class='ocrx_word' id='word_1_112' title='bbox 344 1505 545 1580; x_wconf 75' lang='lat' dir='ltr'><strong>grammaticus,</strong></span> <span class='ocrx_word' id='word_1_113' title='bbox 566 1499 685 1560; x_wconf 73' lang='lat' dir='ltr'><strong>studiose</strong></span> <span class='ocrx_word' id='word_1_114' title='bbox 708 1501 825 1558; x_wconf 85' lang='lat' dir='ltr'><strong>codicum</strong></span> <span class='ocrx_word' id='word_1_115' title='bbox 847 1503 975 1559; x_wconf 85' lang='lat' dir='ltr'><strong>rationem</strong></span> <span class='ocrx_word' id='word_1_116' title='bbox 1004 1500 1146 1560; x_wconf 86' lang='lat' dir='ltr'><strong>hahuisse:</strong></span> <span class='ocrx_word' id='word_1_117' title='bbox 1172 1503 1210 1560; x_wconf 81' lang='lat' dir='ltr'><strong>ci.</strong></span> <span class='ocrx_word' id='word_1_118' title='bbox 1234 1501 1322 1562; x_wconf 86' lang='lat' dir='ltr'><strong>schol.</strong></span> 
     </span>
    </p>

    <p class='ocr_par' dir='ltr' id='par_1_10' title="bbox 248 1574 1447 2080">
     <span class='ocr_line' id='line_1_15' title="bbox 252 1574 1447 1656; baseline -0.002 -12"><span class='ocrx_word' id='word_1_119' title='bbox 252 1587 296 1648; x_wconf 89' lang='lat' dir='ltr'><strong>El.</strong></span> <span class='ocrx_word' id='word_1_120' title='bbox 321 1581 408 1646; x_wconf 74' lang='lat' dir='ltr'><strong>lou:</strong></span> <span class='ocrx_word' id='word_1_121' title='bbox 439 1577 475 1644; x_wconf 73' lang='grc' dir='ltr'><strong><em>ἓν</em></strong></span> <span class='ocrx_word' id='word_1_122' title='bbox 496 1600 588 1644; x_wconf 85' lang='grc' dir='ltr'><strong><em>τισιν</em></strong></span> <span class='ocrx_word' id='word_1_123' title='bbox 608 1574 783 1644; x_wconf 76' lang='grc' dir='ltr'><strong><em>ὑπόκειται</em></strong></span> <span class='ocrx_word' id='word_1_124' title='bbox 806 1575 842 1641; x_wconf 77' lang='grc' dir='ltr'><strong>α’.</strong></span> <span class='ocrx_word' id='word_1_125' title='bbox 864 1602 893 1645; x_wconf 85' lang='grc' dir='ltr'><strong>τ.</strong></span> <span class='ocrx_word' id='word_1_126' title='bbox 920 1576 1042 1656; x_wconf 70' lang='grc' dir='ltr'><em>ἀδίκως</em></span> <span class='ocrx_word' id='word_1_127' title='bbox 1069 1575 1196 1655; x_wconf 63' lang='lat' dir='ltr'><strong>decada.</strong></span> <span class='ocrx_word' id='word_1_128' title='bbox 1231 1580 1327 1648; x_wconf 66' lang='lat'><strong>232:</strong></span> <span class='ocrx_word' id='word_1_129' title='bbox 1446 1633 1447 1642; x_wconf 73' lang='grc'>,</span> 
     </span>
     <span class='ocr_line' id='line_1_16' title="bbox 255 1659 1447 1746; baseline -0.002 -18"><span class='ocrx_word' id='word_1_130' title='bbox 255 1661 291 1728; x_wconf 72' lang='grc' dir='ltr'><strong><em>ἵν</em></strong></span> <span class='ocrx_word' id='word_1_131' title='bbox 311 1686 378 1730; x_wconf 85' lang='grc' dir='ltr'><strong><em>τισι</em></strong></span> <span class='ocrx_word' id='word_1_132' title='bbox 397 1666 509 1728; x_wconf 73' lang='grc' dir='ltr'><strong><em>νεῖται</em></strong></span> <span class='ocrx_word' id='word_1_133' title='bbox 528 1659 713 1744; x_wconf 79' lang='grc' dir='ltr'><strong><em>,α’νάνομος·</em></strong></span> <span class='ocrx_word' id='word_1_134' title='bbox 737 1665 846 1728; x_wconf 68' lang='grc' dir='ltr'><strong><em>κεῖται</em></strong></span> <span class='ocrx_word' id='word_1_135' title='bbox 861 1665 896 1730; x_wconf 76' lang='grc' dir='ltr'><strong>δὲ</strong></span> <span class='ocrx_word' id='word_1_136' title='bbox 911 1671 967 1728; x_wconf 80' lang='grc' dir='ltr'><strong>καὶ</strong></span> <span class='ocrx_word' id='word_1_137' title='bbox 986 1664 1191 1746; x_wconf 73' lang='grc' dir='ltr'><strong><em>α’νήριθμος.</em></strong></span> <span class='ocrx_word' id='word_1_138' title='bbox 1218 1667 1250 1728; x_wconf 93' lang='grc'><strong>0.</strong></span> <span class='ocrx_word' id='word_1_139' title='bbox 1264 1669 1327 1731; x_wconf 84' lang='lat' dir='ltr'><strong>Col.</strong></span> <span class='ocrx_word' id='word_1_140' title='bbox 1446 1663 1447 1674; x_wconf 72' lang='grc'>’</span> 
     </span>
     <span class='ocr_line' id='line_1_17' title="bbox 251 1742 1328 1834; baseline -0.004 -20"><span class='ocrx_word' id='word_1_141' title='bbox 251 1748 339 1814; x_wconf 82' lang='lat'><strong>390.:</strong></span> <span class='ocrx_word' id='word_1_142' title='bbox 361 1747 413 1810; x_wconf 80' lang='grc' dir='ltr'><strong><em>Ἐν</em></strong></span> <span class='ocrx_word' id='word_1_143' title='bbox 432 1749 501 1822; x_wconf 82' lang='grc' dir='ltr'><em>τοῖς</em></span> <span class='ocrx_word' id='word_1_144' title='bbox 519 1743 787 1832; x_wconf 72' lang='grc' dir='ltr'><strong><em>ἀναγκαιοτέρας</em></strong></span> <span class='ocrx_word' id='word_1_145' title='bbox 808 1749 872 1812; x_wconf 78' lang='grc' dir='ltr'><strong><em>τῶν</em></strong></span> <span class='ocrx_word' id='word_1_146' title='bbox 894 1745 1114 1834; x_wconf 73' lang='grc' dir='ltr'><em>ἀντιγράφων</em></span> <span class='ocrx_word' id='word_1_147' title='bbox 1128 1771 1178 1830; x_wconf 80' lang='grc' dir='ltr'><strong>γρ.</strong></span> <span class='ocrx_word' id='word_1_148' title='bbox 1193 1742 1328 1824; x_wconf 72' lang='grc' dir='ltr'><strong><em>εὐνοίας</em></strong></span> 
     </span>
     <span class='ocr_line' id='line_1_18' title="bbox 248 1827 1328 1932; baseline -0.003 -36"><span class='ocrx_word' id='word_1_149' title='bbox 248 1833 362 1916; x_wconf 80' lang='grc' dir='ltr'><strong><em>χάριν,</em></strong></span> <span class='ocrx_word' id='word_1_150' title='bbox 384 1827 404 1896; x_wconf 77' lang='grc' dir='ltr'>ὃ</span> <span class='ocrx_word' id='word_1_151' title='bbox 424 1831 483 1932; x_wconf 67' lang='lat' dir='ltr'><strong>prot</strong></span> <span class='ocrx_word' id='word_1_152' title='bbox 504 1832 538 1894; x_wconf 82' lang='lat' dir='ltr'><strong>ol</strong></span> <span class='ocrx_word' id='word_1_153' title='bbox 557 1827 910 1914; x_wconf 76' lang='grc' dir='ltr'><strong><em>ὐπομνηματισάμενον</em></strong></span> <span class='ocrx_word' id='word_1_154' title='bbox 930 1827 1090 1906; x_wconf 73' lang='grc' dir='ltr'><strong><em>αξιοῦσιν.</em></strong></span> <span class='ocrx_word' id='word_1_155' title='bbox 1122 1831 1232 1902; x_wconf 63' lang='grc'><strong>1560..</strong></span> <span class='ocrx_word' id='word_1_156' title='bbox 1254 1829 1328 1894; x_wconf 76' lang='grc' dir='ltr'><strong><em>ἕνα·</em></strong></span> 
     </span>
     <span class='ocr_line' id='line_1_19' title="bbox 252 1911 1326 2000; baseline -0.004 -18"><span class='ocrx_word' id='word_1_157' title='bbox 252 1917 373 1994; x_wconf 78' lang='grc' dir='ltr'><strong><em>στῆσαι</em></strong></span> <span class='ocrx_word' id='word_1_158' title='bbox 398 1937 460 1980; x_wconf 84' lang='grc' dir='ltr'><strong><em>ουν</em></strong></span> <span class='ocrx_word' id='word_1_159' title='bbox 482 1911 590 1994; x_wconf 79' lang='grc' dir='ltr'><strong><em>ἄξιον,</em></strong></span> <span class='ocrx_word' id='word_1_160' title='bbox 612 1915 784 1995; x_wconf 77' lang='grc' dir='ltr'><strong><em>λαβόντας</em></strong></span> <span class='ocrx_word' id='word_1_161' title='bbox 806 1915 913 1980; x_wconf 81' lang='grc' dir='ltr'><strong><em>καλὸν</em></strong></span> <span class='ocrx_word' id='word_1_162' title='bbox 941 1911 1178 2000; x_wconf 73' lang='grc' dir='ltr'><strong><em>ἀντίγραφον.</em></strong></span> <span class='ocrx_word' id='word_1_163' title='bbox 1204 1921 1258 1980; x_wconf 89' lang='lat' dir='ltr'><strong>Sed</strong></span> <span class='ocrx_word' id='word_1_164' title='bbox 1279 1925 1326 1995; x_wconf 88' lang='lat' dir='ltr'><strong>qui</strong></span> 
     </span>
     <span class='ocr_line' id='line_1_20' title="bbox 251 2003 1327 2080; baseline 0.003 -20"><span class='ocrx_word' id='word_1_165' title='bbox 251 2016 409 2080; x_wconf 84' lang='lat' dir='ltr'><strong>postremam</strong></span> <span class='ocrx_word' id='word_1_166' title='bbox 431 2007 626 2060; x_wconf 85' lang='lat' dir='ltr'><strong>annotationem</strong></span> <span class='ocrx_word' id='word_1_167' title='bbox 648 2007 763 2076; x_wconf 82' lang='lat' dir='ltr'><strong>scripsit,</strong></span> <span class='ocrx_word' id='word_1_168' title='bbox 784 2007 808 2059; x_wconf 88' lang='lat' dir='ltr'><strong>is</strong></span> <span class='ocrx_word' id='word_1_169' title='bbox 830 2003 974 2078; x_wconf 79' lang='lat' dir='ltr'><strong>Lyeurgeo</strong></span> <span class='ocrx_word' id='word_1_170' title='bbox 993 2004 1113 2078; x_wconf 82' lang='lat' dir='ltr'><strong>exemplo</strong></span> <span class='ocrx_word' id='word_1_171' title='bbox 1135 2023 1189 2060; x_wconf 92' lang='lat' dir='ltr'><strong>non</strong></span> <span class='ocrx_word' id='word_1_172' title='bbox 1211 2005 1327 2078; x_wconf 85' lang='lat' dir='ltr'><strong>amplius</strong></span> 
     </span>
    </p>

    <p class='ocr_par' dir='ltr' id='par_1_11' title="bbox 250 2083 1448 2669">
     <span class='ocr_line' id='line_1_21' title="bbox 250 2083 1328 2162; baseline 0.001 -17"><span class='ocrx_word' id='word_1_173' title='bbox 250 2107 317 2146; x_wconf 89' lang='lat' dir='ltr'><strong>usus</strong></span> <span class='ocrx_word' id='word_1_174' title='bbox 338 2095 396 2155; x_wconf 87' lang='lat' dir='ltr'><strong>est,</strong></span> <span class='ocrx_word' id='word_1_175' title='bbox 429 2105 489 2143; x_wconf 90' lang='lat' dir='ltr'><strong>nam</strong></span> <span class='ocrx_word' id='word_1_176' title='bbox 510 2085 554 2142; x_wconf 88' lang='lat' dir='ltr'><strong>hic</strong></span> <span class='ocrx_word' id='word_1_177' title='bbox 574 2104 638 2142; x_wconf 83' lang='lat' dir='ltr'><strong>sane</strong></span> <span class='ocrx_word' id='word_1_178' title='bbox 659 2083 850 2159; x_wconf 87' lang='lat' dir='ltr'><strong>pulcherrimus</strong></span> <span class='ocrx_word' id='word_1_179' title='bbox 871 2085 937 2141; x_wconf 87' lang='lat' dir='ltr'><strong>liber</strong></span> <span class='ocrx_word' id='word_1_180' title='bbox 959 2093 1023 2146; x_wconf 89' lang='lat' dir='ltr'><strong>erat.</strong></span> <span class='ocrx_word' id='word_1_181' title='bbox 1073 2084 1128 2144; x_wconf 75' lang='lat' dir='ltr'><strong>hut</strong></span> <span class='ocrx_word' id='word_1_182' title='bbox 1160 2089 1241 2162; x_wconf 78' lang='lat' dir='ltr'><strong>igitur</strong></span> <span class='ocrx_word' id='word_1_183' title='bbox 1272 2086 1328 2146; x_wconf 85' lang='lat' dir='ltr'><strong>hoc</strong></span> 
     </span>
     <span class='ocr_line' id='line_1_22' title="bbox 250 2167 1327 2250; baseline -0.001 -21"><span class='ocrx_word' id='word_1_184' title='bbox 250 2171 381 2230; x_wconf 87' lang='lat' dir='ltr'><strong>scholium</strong></span> <span class='ocrx_word' id='word_1_185' title='bbox 403 2189 419 2226; x_wconf 92' lang='lat' dir='ltr'><strong>a</strong></span> <span class='ocrx_word' id='word_1_186' title='bbox 439 2189 508 2226; x_wconf 86' lang='lat' dir='ltr'><strong>noro</strong></span> <span class='ocrx_word' id='word_1_187' title='bbox 526 2167 639 2244; x_wconf 89' lang='lat' dir='ltr'><strong>quodam</strong></span> <span class='ocrx_word' id='word_1_188' title='bbox 659 2169 801 2242; x_wconf 83' lang='lat' dir='ltr'><strong>interprete</strong></span> <span class='ocrx_word' id='word_1_189' title='bbox 823 2178 864 2226; x_wconf 88' lang='lat' dir='ltr'><strong>est</strong></span> <span class='ocrx_word' id='word_1_190' title='bbox 884 2169 1040 2242; x_wconf 83' lang='lat' dir='ltr'><strong>protectum,</strong></span> <span class='ocrx_word' id='word_1_191' title='bbox 1053 2177 1107 2237; x_wconf 84' lang='lat' dir='ltr'><strong>aut,</strong></span> <span class='ocrx_word' id='word_1_192' title='bbox 1124 2171 1149 2227; x_wconf 88' lang='lat' dir='ltr'><strong>si</strong></span> <span class='ocrx_word' id='word_1_193' title='bbox 1166 2169 1327 2250; x_wconf 84' lang='lat' dir='ltr'><strong>aDldymo,</strong></span> 
     </span>
     <span class='ocr_line' id='line_1_23' title="bbox 251 2250 1448 2328; baseline 0 -15"><span class='ocrx_word' id='word_1_194' title='bbox 251 2257 367 2314; x_wconf 74' lang='lat' dir='ltr'><strong>forimse</strong></span> <span class='ocrx_word' id='word_1_195' title='bbox 388 2253 489 2314; x_wconf 84' lang='lat' dir='ltr'><strong>Romae</strong></span> <span class='ocrx_word' id='word_1_196' title='bbox 510 2251 553 2308; x_wconf 91' lang='lat' dir='ltr'><strong>hic</strong></span> <span class='ocrx_word' id='word_1_197' title='bbox 574 2254 759 2328; x_wconf 84' lang='lat' dir='ltr'><strong>grammaticus</strong></span> <span class='ocrx_word' id='word_1_198' title='bbox 776 2250 932 2326; x_wconf 86' lang='lat' dir='ltr'><strong>Sophoclem</strong></span> <span class='ocrx_word' id='word_1_199' title='bbox 954 2254 1140 2328; x_wconf 84' lang='lat' dir='ltr'><strong>interpretatus</strong></span> <span class='ocrx_word' id='word_1_200' title='bbox 1162 2261 1212 2322; x_wconf 88' lang='lat' dir='ltr'><strong>est,</strong></span> <span class='ocrx_word' id='word_1_201' title='bbox 1234 2257 1272 2312; x_wconf 80' lang='lat' dir='ltr'><strong>tta</strong></span> <span class='ocrx_word' id='word_1_202' title='bbox 1291 2266 1327 2313; x_wconf 87' lang='lat' dir='ltr'><strong>ut</strong></span> <span class='ocrx_word' id='word_1_203' title='bbox 1447 2261 1448 2318; x_wconf 61' lang='lat' dir='ltr'><strong>l</strong></span> 
     </span>
     <span class='ocr_line' id='line_1_24' title="bbox 252 2334 1326 2415; baseline 0 -17"><span class='ocrx_word' id='word_1_204' title='bbox 252 2339 339 2415; x_wconf 85' lang='lat' dir='ltr'><strong>ipsius</strong></span> <span class='ocrx_word' id='word_1_205' title='bbox 365 2335 464 2396; x_wconf 89' lang='lat' dir='ltr'><strong>codicis</strong></span> <span class='ocrx_word' id='word_1_206' title='bbox 491 2334 643 2396; x_wconf 79' lang='lat' dir='ltr'><strong>conterendi</strong></span> <span class='ocrx_word' id='word_1_207' title='bbox 664 2339 740 2410; x_wconf 86' lang='lat' dir='ltr'><strong>copia</strong></span> <span class='ocrx_word' id='word_1_208' title='bbox 760 2337 812 2394; x_wconf 87' lang='lat' dir='ltr'><strong>sihi</strong></span> <span class='ocrx_word' id='word_1_209' title='bbox 833 2355 886 2394; x_wconf 91' lang='lat' dir='ltr'><strong>non</strong></span> <span class='ocrx_word' id='word_1_210' title='bbox 907 2345 988 2404; x_wconf 84' lang='lat' dir='ltr'><strong>esset,</strong></span> <span class='ocrx_word' id='word_1_211' title='bbox 1009 2343 1055 2394; x_wconf 92' lang='lat' dir='ltr'><strong>aut</strong></span> <span class='ocrx_word' id='word_1_212' title='bbox 1077 2335 1162 2394; x_wconf 83' lang='lat' dir='ltr'><strong>codex</strong></span> <span class='ocrx_word' id='word_1_213' title='bbox 1175 2345 1235 2395; x_wconf 87' lang='lat' dir='ltr'><strong>ante</strong></span> <span class='ocrx_word' id='word_1_214' title='bbox 1249 2337 1326 2398; x_wconf 87' lang='lat' dir='ltr'><strong>illarn</strong></span> 
     </span>
     <span class='ocr_line' id='line_1_25' title="bbox 252 2417 1326 2498; baseline 0.001 -17"><span class='ocrx_word' id='word_1_215' title='bbox 252 2431 364 2482; x_wconf 82' lang='lat' dir='ltr'><strong>aetatem</strong></span> <span class='ocrx_word' id='word_1_216' title='bbox 384 2425 503 2498; x_wconf 86' lang='lat' dir='ltr'><strong>perierat,</strong></span> <span class='ocrx_word' id='word_1_217' title='bbox 533 2419 648 2478; x_wconf 83' lang='lat' dir='ltr'><strong>fortasse</strong></span> <span class='ocrx_word' id='word_1_218' title='bbox 675 2423 704 2477; x_wconf 93' lang='lat' dir='ltr'><strong>in</strong></span> <span class='ocrx_word' id='word_1_219' title='bbox 731 2421 799 2477; x_wconf 82' lang='lat' dir='ltr'><strong>hello</strong></span> <span class='ocrx_word' id='word_1_220' title='bbox 826 2417 1023 2488; x_wconf 76' lang='lat' dir='ltr'><strong>Alexandrino,</strong></span> <span class='ocrx_word' id='word_1_221' title='bbox 1053 2421 1099 2477; x_wconf 90' lang='lat' dir='ltr'><strong>uhi</strong></span> <span class='ocrx_word' id='word_1_222' title='bbox 1125 2420 1233 2478; x_wconf 88' lang='lat' dir='ltr'><strong>Bruchii</strong></span> <span class='ocrx_word' id='word_1_223' title='bbox 1260 2441 1326 2498; x_wconf 78' lang='lat' dir='ltr'><strong>pars</strong></span> 
     </span>
     <span class='ocr_line' id='line_1_26' title="bbox 252 2503 1326 2565; baseline 0 -1"><span class='ocrx_word' id='word_1_224' title='bbox 252 2505 468 2564; x_wconf 76' lang='lat' dir='ltr'><strong>caesarianorum</strong></span> <span class='ocrx_word' id='word_1_225' title='bbox 497 2503 617 2562; x_wconf 92' lang='lat' dir='ltr'><strong>incendio</strong></span> <span class='ocrx_word' id='word_1_226' title='bbox 644 2514 686 2564; x_wconf 89' lang='lat' dir='ltr'><strong>est</strong></span> <span class='ocrx_word' id='word_1_227' title='bbox 706 2512 821 2565; x_wconf 78' lang='lat' dir='ltr'><strong>vastata.</strong></span> <span class='ocrx_word' id='word_1_228' title='bbox 864 2503 940 2562; x_wconf 82' lang='lat' dir='ltr'><strong>Haec</strong></span> <span class='ocrx_word' id='word_1_229' title='bbox 961 2507 1031 2562; x_wconf 86' lang='lat' dir='ltr'><strong>euim</strong></span> <span class='ocrx_word' id='word_1_230' title='bbox 1053 2512 1079 2562; x_wconf 91' lang='lat' dir='ltr'><strong>et</strong></span> <span class='ocrx_word' id='word_1_231' title='bbox 1099 2505 1183 2562; x_wconf 84' lang='lat' dir='ltr'><strong>mrdta</strong></span> <span class='ocrx_word' id='word_1_232' title='bbox 1203 2505 1257 2562; x_wconf 85' lang='lat' dir='ltr'><strong>alia</strong></span> <span class='ocrx_word' id='word_1_233' title='bbox 1277 2524 1326 2564; x_wconf 84' lang='lat' dir='ltr'><strong>ex·</strong></span> 
     </span>
     <span class='ocr_line' id='line_1_27' title="bbox 252 2594 509 2669; baseline 0.016 -21"><span class='ocrx_word' id='word_1_234' title='bbox 252 2594 363 2669; x_wconf 82' lang='lat' dir='ltr'><strong>cogitari</strong></span> <span class='ocrx_word' id='word_1_235' title='bbox 389 2599 509 2667; x_wconf 87' lang='lat' dir='ltr'><strong>possunt.</strong></span> 
     </span>
    </p>

    <p class='ocr_par' dir='ltr' id='par_1_12' title="bbox 250 2670 1445 3507">
     <span class='ocr_line' id='line_1_28' title="bbox 336 2670 1324 2748; baseline 0.003 -18"><span class='ocrx_word' id='word_1_236' title='bbox 336 2674 391 2732; x_wconf 87' lang='lat' dir='ltr'><strong>Sed</strong></span> <span class='ocrx_word' id='word_1_237' title='bbox 413 2671 538 2748; x_wconf 82' lang='lat' dir='ltr'><strong>quidquid</strong></span> <span class='ocrx_word' id='word_1_238' title='bbox 558 2670 610 2730; x_wconf 87' lang='lat' dir='ltr'><strong>hoo</strong></span> <span class='ocrx_word' id='word_1_239' title='bbox 631 2679 687 2740; x_wconf 89' lang='lat' dir='ltr'><strong>est,</strong></span> <span class='ocrx_word' id='word_1_240' title='bbox 718 2672 872 2747; x_wconf 74' lang='lat' dir='ltr'><strong>plerumque</strong></span> <span class='ocrx_word' id='word_1_241' title='bbox 893 2689 926 2730; x_wconf 89' lang='lat' dir='ltr'><strong>ne</strong></span> <span class='ocrx_word' id='word_1_242' title='bbox 948 2678 1054 2730; x_wconf 80' lang='lat' dir='ltr'><strong>notntm</strong></span> <span class='ocrx_word' id='word_1_243' title='bbox 1075 2670 1180 2747; x_wconf 85' lang='lat' dir='ltr'><strong>quidem</strong></span> <span class='ocrx_word' id='word_1_244' title='bbox 1200 2672 1324 2733; x_wconf 80' lang='lat' dir='ltr'><strong>lectionis</strong></span> 
     </span>
     <span class='ocr_line' id='line_1_29' title="bbox 252 2754 1322 2830; baseline 0.002 -16"><span class='ocrx_word' id='word_1_245' title='bbox 252 2760 382 2823; x_wconf 82' lang='lat' dir='ltr'><strong>vanietas,</strong></span> <span class='ocrx_word' id='word_1_246' title='bbox 413 2755 509 2812; x_wconf 89' lang='lat' dir='ltr'><strong>sedin</strong></span> <span class='ocrx_word' id='word_1_247' title='bbox 536 2756 711 2830; x_wconf 79' lang='lat' dir='ltr'><strong>explicatione</strong></span> <span class='ocrx_word' id='word_1_248' title='bbox 729 2755 820 2812; x_wconf 85' lang='lat' dir='ltr'><strong>latens</strong></span> <span class='ocrx_word' id='word_1_249' title='bbox 837 2757 988 2830; x_wconf 76' lang='lat' dir='ltr'><strong>conjectura</strong></span> <span class='ocrx_word' id='word_1_250' title='bbox 1008 2774 1040 2812; x_wconf 85' lang='lat' dir='ltr'><strong>ac</strong></span> <span class='ocrx_word' id='word_1_251' title='bbox 1062 2754 1224 2815; x_wconf 82' lang='lat' dir='ltr'><strong>divinatione</strong></span> <span class='ocrx_word' id='word_1_252' title='bbox 1245 2759 1322 2816; x_wconf 88' lang='lat' dir='ltr'><strong>nohis</strong></span> 
     </span>
     <span class='ocr_line' id='line_1_30' title="bbox 253 2835 1323 2916; baseline 0.001 -18"><span class='ocrx_word' id='word_1_253' title='bbox 253 2837 368 2898; x_wconf 83' lang='lat' dir='ltr'><strong>eruenda</strong></span> <span class='ocrx_word' id='word_1_254' title='bbox 387 2847 437 2904; x_wconf 82' lang='lat' dir='ltr'><strong>est.</strong></span> <span class='ocrx_word' id='word_1_255' title='bbox 480 2838 511 2894; x_wconf 93' lang='lat' dir='ltr'><strong>ln</strong></span> <span class='ocrx_word' id='word_1_256' title='bbox 534 2855 634 2912; x_wconf 71' lang='lat' dir='ltr'><strong>quame</strong></span> <span class='ocrx_word' id='word_1_257' title='bbox 655 2836 721 2894; x_wconf 93' lang='lat' dir='ltr'><strong>illud</strong></span> <span class='ocrx_word' id='word_1_258' title='bbox 743 2857 808 2906; x_wconf 85' lang='lat' dir='ltr'><strong>noa,</strong></span> <span class='ocrx_word' id='word_1_259' title='bbox 839 2841 863 2894; x_wconf 91' lang='lat' dir='ltr'><strong>si</strong></span> <span class='ocrx_word' id='word_1_260' title='bbox 896 2835 960 2912; x_wconf 88' lang='lat' dir='ltr'><strong>quid</strong></span> <span class='ocrx_word' id='word_1_261' title='bbox 981 2838 1068 2907; x_wconf 91' lang='lat' dir='ltr'><strong>aliud,</strong></span> <span class='ocrx_word' id='word_1_262' title='bbox 1101 2839 1222 2916; x_wconf 82' lang='lat' dir='ltr'><strong>adjurat,</strong></span> <span class='ocrx_word' id='word_1_263' title='bbox 1252 2839 1323 2916; x_wconf 85' lang='lat' dir='ltr'><strong>quod</strong></span> 
     </span>
     <span class='ocr_line' id='line_1_31' title="bbox 251 2921 1321 3000; baseline 0.001 -18"><span class='ocrx_word' id='word_1_264' title='bbox 251 2921 413 2982; x_wconf 79' lang='lat' dir='ltr'><strong>scholiastae</strong></span> <span class='ocrx_word' id='word_1_265' title='bbox 432 2925 528 2998; x_wconf 75' lang='lat' dir='ltr'><strong>poitae</strong></span> <span class='ocrx_word' id='word_1_266' title='bbox 548 2922 627 2978; x_wconf 84' lang='lat' dir='ltr'><strong>verba</strong></span> <span class='ocrx_word' id='word_1_267' title='bbox 654 2923 803 2978; x_wconf 86' lang='lat' dir='ltr'><strong>arctissime</strong></span> <span class='ocrx_word' id='word_1_268' title='bbox 831 2925 907 2996; x_wconf 77' lang='lat' dir='ltr'><strong>sequi</strong></span> <span class='ocrx_word' id='word_1_269' title='bbox 935 2923 1038 2990; x_wconf 89' lang='lat' dir='ltr'><strong>solent,</strong></span> <span class='ocrx_word' id='word_1_270' title='bbox 1071 2923 1223 3000; x_wconf 87' lang='lat' dir='ltr'><strong>plerumque</strong></span> <span class='ocrx_word' id='word_1_271' title='bbox 1243 2928 1321 2982; x_wconf 86' lang='lat' dir='ltr'><strong>etism</strong></span> 
     </span>
     <span class='ocr_line' id='line_1_32' title="bbox 251 2997 1445 3088; baseline 0.001 -22"><span class='ocrx_word' id='word_1_272' title='bbox 251 3008 359 3066; x_wconf 80' lang='lat' dir='ltr'><strong>verbum</strong></span> <span class='ocrx_word' id='word_1_273' title='bbox 378 3007 460 3063; x_wconf 82' lang='lat' dir='ltr'><strong>verho</strong></span> <span class='ocrx_word' id='word_1_274' title='bbox 486 3003 635 3064; x_wconf 86' lang='lat' dir='ltr'><strong>reddentes.</strong></span> <span class='ocrx_word' id='word_1_275' title='bbox 677 3003 715 3062; x_wconf 90' lang='lat' dir='ltr'><strong>Ut</strong></span> <span class='ocrx_word' id='word_1_276' title='bbox 734 3023 796 3062; x_wconf 84' lang='lat' dir='ltr'><strong>vern</strong></span> <span class='ocrx_word' id='word_1_277' title='bbox 829 3003 895 3062; x_wconf 85' lang='lat' dir='ltr'><strong>nihil</strong></span> <span class='ocrx_word' id='word_1_278' title='bbox 922 3014 964 3062; x_wconf 87' lang='lat' dir='ltr'><strong>est</strong></span> <span class='ocrx_word' id='word_1_279' title='bbox 994 3009 1053 3076; x_wconf 84' lang='lat' dir='ltr'><strong>sinc</strong></span> <span class='ocrx_word' id='word_1_280' title='bbox 1084 3012 1251 3088; x_wconf 81' lang='lat' dir='ltr'><strong>exceptione,</strong></span> <span class='ocrx_word' id='word_1_281' title='bbox 1283 3011 1323 3067; x_wconf 81' lang='lat' dir='ltr'><strong>ita</strong></span> <span class='ocrx_word' id='word_1_282' title='bbox 1441 2997 1445 3008; x_wconf 80' lang='grc'><strong>’</strong></span> 
     </span>
     <span class='ocr_line' id='line_1_33' title="bbox 250 3087 1321 3167; baseline 0.001 -18"><span class='ocrx_word' id='word_1_283' title='bbox 250 3093 407 3166; x_wconf 87' lang='lat' dir='ltr'><strong>interpretes</strong></span> <span class='ocrx_word' id='word_1_284' title='bbox 428 3107 531 3164; x_wconf 79' lang='lat' dir='ltr'><strong>qnoque</strong></span> <span class='ocrx_word' id='word_1_285' title='bbox 551 3087 680 3146; x_wconf 82' lang='lat' dir='ltr'><strong>interdum</strong></span> <span class='ocrx_word' id='word_1_286' title='bbox 701 3089 787 3146; x_wconf 84' lang='lat' dir='ltr'><strong>solum</strong></span> <span class='ocrx_word' id='word_1_287' title='bbox 809 3092 939 3146; x_wconf 83' lang='lat' dir='ltr'><strong>enunciati</strong></span> <span class='ocrx_word' id='word_1_288' title='bbox 967 3107 1076 3150; x_wconf 87' lang='lat' dir='ltr'><strong>sensum</strong></span> <span class='ocrx_word' id='word_1_289' title='bbox 1097 3100 1232 3167; x_wconf 83' lang='lat' dir='ltr'><strong>spectant,</strong></span> <span class='ocrx_word' id='word_1_290' title='bbox 1257 3095 1321 3166; x_wconf 87' lang='lat' dir='ltr'><strong>quin</strong></span> 
     </span>
     <span class='ocr_line' id='line_1_34' title="bbox 251 3169 1321 3252; baseline 0.003 -19"><span class='ocrx_word' id='word_1_291' title='bbox 251 3175 373 3252; x_wconf 71' lang='lat' dir='ltr'><strong>singulas</strong></span> <span class='ocrx_word' id='word_1_292' title='bbox 400 3177 478 3232; x_wconf 87' lang='lat' dir='ltr'><strong>etiam</strong></span> <span class='ocrx_word' id='word_1_293' title='bbox 502 3190 583 3230; x_wconf 78' lang='lat' dir='ltr'><strong>voees</strong></span> <span class='ocrx_word' id='word_1_294' title='bbox 610 3174 696 3230; x_wconf 90' lang='lat' dir='ltr'><strong>minus</strong></span> <span class='ocrx_word' id='word_1_295' title='bbox 725 3181 843 3230; x_wconf 89' lang='lat' dir='ltr'><strong>accurata</strong></span> <span class='ocrx_word' id='word_1_296' title='bbox 871 3176 894 3230; x_wconf 93' lang='lat' dir='ltr'><strong>si</strong></span> <span class='ocrx_word' id='word_1_297' title='bbox 914 3173 1040 3251; x_wconf 76' lang='lat' dir='ltr'><strong>nihmnt,</strong></span> <span class='ocrx_word' id='word_1_298' title='bbox 1074 3175 1147 3233; x_wconf 81' lang='lat' dir='ltr'><strong>velut</strong></span> <span class='ocrx_word' id='word_1_299' title='bbox 1177 3173 1222 3252; x_wconf 76' lang='lat' dir='ltr'><strong>Aj.</strong></span> <span class='ocrx_word' id='word_1_300' title='bbox 1249 3169 1321 3238; x_wconf 67' lang='grc'><strong>667.</strong></span> 
     </span>
     <span class='ocr_line' id='line_1_35' title="bbox 252 3245 1322 3337; baseline -0.002 -19"><span class='ocrx_word' id='word_1_301' title='bbox 252 3251 390 3318; x_wconf 77' lang='grc' dir='ltr'><strong><em>α’νύσειν</em></strong></span> <span class='ocrx_word' id='word_1_302' title='bbox 416 3277 463 3334; x_wconf 87' lang='lat' dir='ltr'><strong>per</strong></span> <span class='ocrx_word' id='word_1_303' title='bbox 492 3245 672 3335; x_wconf 69' lang='grc' dir='ltr'><strong><em>ἐκπρᾶξαι,</em></strong></span> <span class='ocrx_word' id='word_1_304' title='bbox 693 3254 727 3315; x_wconf 87' lang='lat'><strong>0.</strong></span> <span class='ocrx_word' id='word_1_305' title='bbox 757 3255 822 3326; x_wconf 80' lang='lat' dir='ltr'><strong>Tyr.</strong></span> <span class='ocrx_word' id='word_1_306' title='bbox 916 3297 924 3314; x_wconf 89' lang='lat'><strong>.</strong></span> <span class='ocrx_word' id='word_1_307' title='bbox 959 3248 1060 3337; x_wconf 77' lang='lat' dir='ltr'><strong>epulares</strong></span> <span class='ocrx_word' id='word_1_308' title='bbox 1086 3279 1133 3335; x_wconf 89' lang='lat' dir='ltr'><strong>per</strong></span> <span class='ocrx_word' id='word_1_309' title='bbox 1160 3251 1322 3332; x_wconf 72' lang='grc' dir='ltr'><strong><em>δείκνυσι,</em></strong></span> 
     </span>
     <span class='ocr_line' id='line_1_36' title="bbox 252 3329 1321 3419; baseline -0.004 -15"><span class='ocrx_word' id='word_1_310' title='bbox 252 3337 347 3404; x_wconf 87' lang='grc'><strong>1166.</strong></span> <span class='ocrx_word' id='word_1_311' title='bbox 378 3331 519 3417; x_wconf 80' lang='grc' dir='ltr'><strong><em>ὄλωλας,</em></strong></span> <span class='ocrx_word' id='word_1_312' title='bbox 551 3332 587 3398; x_wconf 82' lang='grc' dir='ltr'><strong>εἴ</strong></span> <span class='ocrx_word' id='word_1_313' title='bbox 615 3354 655 3398; x_wconf 82' lang='grc' dir='ltr'><strong>σε</strong></span> <span class='ocrx_word' id='word_1_314' title='bbox 686 3329 781 3400; x_wconf 71' lang='grc' dir='ltr'><strong><em>ταῦτ’</em></strong></span> <span class='ocrx_word' id='word_1_315' title='bbox 800 3331 963 3419; x_wconf 78' lang='grc' dir='ltr'><strong>ἐρήσομαι</strong></span> <span class='ocrx_word' id='word_1_316' title='bbox 983 3335 1106 3410; x_wconf 76' lang='grc' dir='ltr'><strong><em>πάλιν,</em></strong></span> <span class='ocrx_word' id='word_1_317' title='bbox 1131 3343 1321 3418; x_wconf 81' lang='lat' dir='ltr'><strong>explicatione:</strong></span> 
     </span>
     <span class='ocr_line' id='line_1_37' title="bbox 251 3413 1321 3507; baseline -0.004 -19"><span class='ocrx_word' id='word_1_318' title='bbox 251 3413 284 3488; x_wconf 76' lang='grc' dir='ltr'><strong>εἰ</strong></span> <span class='ocrx_word' id='word_1_319' title='bbox 305 3419 470 3498; x_wconf 78' lang='grc' dir='ltr'><strong>δευτέραν</strong></span> <span class='ocrx_word' id='word_1_320' title='bbox 490 3414 674 3507; x_wconf 75' lang='grc' dir='ltr'><strong><em>ἅναμείνῃς</em></strong></span> <span class='ocrx_word' id='word_1_321' title='bbox 694 3419 751 3499; x_wconf 81' lang='lat' dir='ltr'><strong>(sie‘</strong></span> <span class='ocrx_word' id='word_1_322' title='bbox 768 3424 864 3482; x_wconf 85' lang='lat' dir='ltr'><strong>Elmsl.</strong></span> <span class='ocrx_word' id='word_1_323' title='bbox 879 3445 925 3501; x_wconf 90' lang='lat' dir='ltr'><strong>pro</strong></span> <span class='ocrx_word' id='word_1_324' title='bbox 941 3417 1150 3500; x_wconf 68' lang='lat' dir='ltr'><strong>dempsimus)</strong></span> <span class='ocrx_word' id='word_1_325' title='bbox 1160 3415 1321 3499; x_wconf 77' lang='grc' dir='ltr'><strong><em>ἐξέτασιν,</em></strong></span> 
     </span>
    </p>

    <p class='ocr_par' dir='ltr' id='par_1_13' title="bbox 248 3499 1322 4253">
     <span class='ocr_line' id='line_1_38' title="bbox 251 3499 1320 3586; baseline -0.002 -16"><span class='ocrx_word' id='word_1_326' title='bbox 251 3508 351 3570; x_wconf 82' lang='lat' dir='ltr'><strong>Trach.</strong></span> <span class='ocrx_word' id='word_1_327' title='bbox 373 3501 445 3570; x_wconf 72' lang='grc'><strong>528,</strong></span> <span class='ocrx_word' id='word_1_328' title='bbox 478 3499 620 3586; x_wconf 68' lang='grc' dir='ltr'><strong><em>α’μμένει</em></strong></span> <span class='ocrx_word' id='word_1_329' title='bbox 648 3509 817 3582; x_wconf 84' lang='lat' dir='ltr'><strong>imperfecto,</strong></span> <span class='ocrx_word' id='word_1_330' title='bbox 839 3509 873 3568; x_wconf 89' lang='grc' dir='ltr'><strong>Ο.</strong></span> <span class='ocrx_word' id='word_1_331' title='bbox 896 3507 956 3567; x_wconf 85' lang='lat' dir='ltr'><strong>Col.</strong></span> <span class='ocrx_word' id='word_1_332' title='bbox 972 3503 1024 3570; x_wconf 79' lang='lat'><strong>35.</strong></span> <span class='ocrx_word' id='word_1_333' title='bbox 1046 3503 1213 3586; x_wconf 79' lang='grc' dir='ltr'><strong><em>δηλοῦμεν</em></strong></span> <span class='ocrx_word' id='word_1_334' title='bbox 1240 3512 1320 3568; x_wconf 84' lang='lat' dir='ltr'><strong>rerho</strong></span> 
     </span>
     <span class='ocr_line' id='line_1_39' title="bbox 252 3583 1320 3673; baseline -0.002 -20"><span class='ocrx_word' id='word_1_335' title='bbox 252 3585 409 3673; x_wconf 77' lang='grc' dir='ltr'><strong><em>λέξομεν,</em></strong></span> <span class='ocrx_word' id='word_1_336' title='bbox 441 3590 505 3650; x_wconf 84' lang='lat' dir='ltr'><strong>ibid.</strong></span> <span class='ocrx_word' id='word_1_337' title='bbox 528 3584 618 3652; x_wconf 77' lang='lat'><strong>1675.</strong></span> <span class='ocrx_word' id='word_1_338' title='bbox 650 3583 860 3670; x_wconf 73' lang='lat' dir='ltr'><strong>mpoicopesu</strong></span> <span class='ocrx_word' id='word_1_339' title='bbox 889 3591 981 3650; x_wconf 87' lang='lat' dir='ltr'><strong>lormis</strong></span> <span class='ocrx_word' id='word_1_340' title='bbox 1010 3597 1136 3668; x_wconf 82' lang='lat' dir='ltr'><strong>temperis</strong></span> <span class='ocrx_word' id='word_1_341' title='bbox 1163 3597 1320 3670; x_wconf 75' lang='lat' dir='ltr'><strong>praesentis.</strong></span> 
     </span>
     <span class='ocr_line' id='line_1_40' title="bbox 250 3665 1320 3752; baseline -0.001 -15"><span class='ocrx_word' id='word_1_342' title='bbox 250 3677 315 3740; x_wconf 78' lang='lat' dir='ltr'><strong>Ant.</strong></span> <span class='ocrx_word' id='word_1_343' title='bbox 339 3671 430 3738; x_wconf 77' lang='grc'><strong>1609.</strong></span> <span class='ocrx_word' id='word_1_344' title='bbox 450 3667 590 3734; x_wconf 69' lang='grc' dir='ltr'><strong><em>ἀνέπτυε</em></strong></span> <span class='ocrx_word' id='word_1_345' title='bbox 612 3693 666 3732; x_wconf 91' lang='lat' dir='ltr'><strong>non</strong></span> <span class='ocrx_word' id='word_1_346' title='bbox 687 3675 773 3734; x_wconf 81' lang='lat' dir='ltr'><strong>solum</strong></span> <span class='ocrx_word' id='word_1_347' title='bbox 795 3677 945 3750; x_wconf 82' lang='lat' dir='ltr'><strong>imperfecto</strong></span> <span class='ocrx_word' id='word_1_348' title='bbox 959 3665 1159 3752; x_wconf 73' lang='grc' dir='ltr'><strong><em>ἀνέβαλλεν,</em></strong></span> <span class='ocrx_word' id='word_1_349' title='bbox 1180 3677 1320 3736; x_wconf 79' lang='lat' dir='ltr'><strong>sedetiam</strong></span> 
     </span>
     <span class='ocr_line' id='line_1_41' title="bbox 249 3748 1322 3836; baseline 0.001 -16"><span class='ocrx_word' id='word_1_350' title='bbox 249 3767 351 3820; x_wconf 82' lang='lat' dir='ltr'><strong>soristo</strong></span> <span class='ocrx_word' id='word_1_351' title='bbox 380 3752 561 3834; x_wconf 66' lang='grc' dir='ltr'><strong><em>ἀνέβαλεν,</em></strong></span> <span class='ocrx_word' id='word_1_352' title='bbox 590 3759 633 3833; x_wconf 82' lang='lat' dir='ltr'><strong>uj.</strong></span> <span class='ocrx_word' id='word_1_353' title='bbox 664 3749 736 3820; x_wconf 75' lang='grc'><strong>978.</strong></span> <span class='ocrx_word' id='word_1_354' title='bbox 766 3748 965 3836; x_wconf 76' lang='grc' dir='ltr'><strong><em>ἦμπόληκας</em></strong></span> <span class='ocrx_word' id='word_1_355' title='bbox 987 3763 1094 3817; x_wconf 81' lang='lat' dir='ltr'><strong>aurietis</strong></span> <span class='ocrx_word' id='word_1_356' title='bbox 1114 3752 1322 3833; x_wconf 70' lang='grc' dir='ltr'><strong><em>ἕνεπόλησας</em></strong></span> 
     </span>
     <span class='ocr_line' id='line_1_42' title="bbox 248 3833 1319 3922; baseline 0 -20"><span class='ocrx_word' id='word_1_357' title='bbox 248 3855 329 3920; x_wconf 80' lang='lat' dir='ltr'><strong>atque</strong></span> <span class='ocrx_word' id='word_1_358' title='bbox 356 3836 551 3922; x_wconf 73' lang='grc' dir='ltr'><strong><em>ἕκὲρὸανας,</em></strong></span> <span class='ocrx_word' id='word_1_359' title='bbox 583 3839 626 3918; x_wconf 74' lang='lat' dir='ltr'><strong>eij.</strong></span> <span class='ocrx_word' id='word_1_360' title='bbox 655 3833 727 3900; x_wconf 83' lang='lat'><strong>361.</strong></span> <span class='ocrx_word' id='word_1_361' title='bbox 755 3844 936 3918; x_wconf 80' lang='lat' dir='ltr'><strong>imperativum</strong></span> <span class='ocrx_word' id='word_1_362' title='bbox 956 3846 1049 3900; x_wconf 73' lang='lat' dir='ltr'><strong>consti</strong></span> <span class='ocrx_word' id='word_1_363' title='bbox 1070 3846 1223 3920; x_wconf 80' lang='lat' dir='ltr'><strong>imperativo</strong></span> <span class='ocrx_word' id='word_1_364' title='bbox 1244 3863 1319 3921; x_wconf 86' lang='lat' dir='ltr'><strong>prae·</strong></span> 
     </span>
     <span class='ocr_line' id='line_1_43' title="bbox 250 3919 1320 4024; baseline 0.003 -36"><span class='ocrx_word' id='word_1_365' title='bbox 250 3936 340 3996; x_wconf 87' lang='lat' dir='ltr'><strong>sente,</strong></span> <span class='ocrx_word' id='word_1_366' title='bbox 362 3926 461 3986; x_wconf 84' lang='lat' dir='ltr'><strong>Trach.</strong></span> <span class='ocrx_word' id='word_1_367' title='bbox 484 3919 574 3986; x_wconf 80' lang='lat'><strong>1253.</strong></span> <span class='ocrx_word' id='word_1_368' title='bbox 595 3928 775 3999; x_wconf 84' lang='lat' dir='ltr'><strong>imperativum</strong></span> <span class='ocrx_word' id='word_1_369' title='bbox 806 3934 968 4024; x_wconf 86' lang='lat' dir='ltr'><strong>praesentem</strong></span> <span class='ocrx_word' id='word_1_370' title='bbox 996 3929 1112 3995; x_wconf 72' lang='lat' dir='ltr'><strong>andsto,</strong></span> <span class='ocrx_word' id='word_1_371' title='bbox 1138 3926 1237 3990; x_wconf 63' lang='lat' dir='ltr'><strong>Tasci.</strong></span> <span class='ocrx_word' id='word_1_372' title='bbox 1265 3923 1320 3990; x_wconf 69' lang='grc'><strong>25.</strong></span> 
     </span>
     <span class='ocr_line' id='line_1_44' title="bbox 251 3997 1319 4148; baseline 0.002 -80"><span class='ocrx_word' id='word_1_373' title='bbox 251 4015 396 4088; x_wconf 80' lang='lat' dir='ltr'><strong>optativum</strong></span> <span class='ocrx_word' id='word_1_374' title='bbox 417 4012 596 4148; x_wconf 49' lang='lat' dir='ltr'><strong>conpunctivo&#39;,</strong></span> <span class='ocrx_word' id='word_1_375' title='bbox 616 4010 679 4066; x_wconf 78' lang='lat' dir='ltr'><strong>unt</strong></span> <span class='ocrx_word' id='word_1_376' title='bbox 702 4001 773 4070; x_wconf 85' lang='grc'><strong>716.</strong></span> <span class='ocrx_word' id='word_1_377' title='bbox 795 4001 890 4078; x_wconf 74' lang='grc' dir='ltr'><strong><em>ὅστις</em></strong></span> <span class='ocrx_word' id='word_1_378' title='bbox 902 4050 960 4070; x_wconf 89' lang='grc'><strong>....</strong></span> <span class='ocrx_word' id='word_1_379' title='bbox 981 3997 1110 4068; x_wconf 70' lang='grc' dir='ltr'><strong>ὑπείκει</strong></span> <span class='ocrx_word' id='word_1_380' title='bbox 1129 4005 1237 4089; x_wconf 79' lang='grc' dir='ltr'><strong><em>μηδὲν</em></strong></span> <span class='ocrx_word' id='word_1_381' title='bbox 1257 4032 1319 4070; x_wconf 87' lang='lat' dir='ltr'><strong>con·</strong></span> 
     </span>
     <span class='ocr_line' id='line_1_45' title="bbox 248 4083 1317 4175; baseline 0 -23"><span class='ocrx_word' id='word_1_382' title='bbox 248 4097 368 4172; x_wconf 81' lang='lat' dir='ltr'><strong>junctive</strong></span> <span class='ocrx_word' id='word_1_383' title='bbox 389 4083 437 4170; x_wconf 81' lang='grc' dir='ltr'><em>μή</em></span> <span class='ocrx_word' id='word_1_384' title='bbox 476 4087 644 4175; x_wconf 78' lang='grc' dir='ltr'><strong><em>γχαλασῃ,</em></strong></span> <span class='ocrx_word' id='word_1_385' title='bbox 664 4090 709 4168; x_wconf 78' lang='lat' dir='ltr'><strong>iij.</strong></span> <span class='ocrx_word' id='word_1_386' title='bbox 731 4086 804 4152; x_wconf 85' lang='grc'><strong>666.</strong></span> <span class='ocrx_word' id='word_1_387' title='bbox 827 4086 895 4160; x_wconf 78' lang='grc' dir='ltr'><strong>πῶς</strong></span> <span class='ocrx_word' id='word_1_388' title='bbox 914 4094 1009 4150; x_wconf 82' lang='lat' dir='ltr'><strong>vocula</strong></span> <span class='ocrx_word' id='word_1_389' title='bbox 1028 4083 1121 4154; x_wconf 79' lang='grc' dir='ltr'><strong>πότε.</strong></span> <span class='ocrx_word' id='word_1_390' title='bbox 1163 4093 1205 4151; x_wconf 87' lang='lat' dir='ltr'><strong>lta</strong></span> <span class='ocrx_word' id='word_1_391' title='bbox 1225 4097 1317 4152; x_wconf 76' lang='lat' dir='ltr'><strong>recho-</strong></span> 
     </span>
     <span class='ocr_line' id='line_1_46' title="bbox 252 4167 1317 4253; baseline 0.001 -16"><span class='ocrx_word' id='word_1_392' title='bbox 252 4198 310 4237; x_wconf 86' lang='lat' dir='ltr'><strong>rum</strong></span> <span class='ocrx_word' id='word_1_393' title='bbox 332 4175 395 4234; x_wconf 92' lang='lat' dir='ltr'><strong>ordo</strong></span> <span class='ocrx_word' id='word_1_394' title='bbox 417 4179 445 4234; x_wconf 92' lang='lat' dir='ltr'><strong>in</strong></span> <span class='ocrx_word' id='word_1_395' title='bbox 467 4172 566 4235; x_wconf 70' lang='lat' dir='ltr'><strong>Tracti.</strong></span> <span class='ocrx_word' id='word_1_396' title='bbox 589 4193 614 4236; x_wconf 86' lang='lat' dir='ltr'><strong>r.</strong></span> <span class='ocrx_word' id='word_1_397' title='bbox 637 4167 668 4234; x_wconf 76' lang='grc'><strong>4.</strong></span> <span class='ocrx_word' id='word_1_398' title='bbox 691 4185 813 4238; x_wconf 77' lang='lat' dir='ltr'><strong>iactatur.</strong></span> <span class='ocrx_word' id='word_1_399' title='bbox 843 4174 897 4236; x_wconf 87' lang='lat' dir='ltr'><strong>Sed</strong></span> <span class='ocrx_word' id='word_1_400' title='bbox 919 4175 987 4253; x_wconf 80' lang='lat' dir='ltr'><strong>quid.</strong></span> <span class='ocrx_word' id='word_1_401' title='bbox 1002 4175 1317 4252; x_wconf 62' lang='lat' dir='ltr'><strong>hunantmuernmctiam</strong></span> 
     </span>
    </p>
   </div>
   <div class='ocr_carea' id='block_1_2' title="bbox 0 0 1454 4754">
    <p class='ocr_par' dir='ltr' id='par_1_14' title="bbox 0 0 1454 4754">
     <span class='ocr_line' id='line_1_47' title="bbox 0 0 1454 4754; baseline 0 1"><span class='ocrx_word' id='word_1_402' title='bbox 0 0 1454 4754; x_wconf 95' lang='lat' dir='ltr'><strong> </strong></span> 
     </span>
    </p>
   </div>
  </div>
 </body>
</html>
