2874 4758
276 313 319 380 bb

277 497 305 548 et
326 473 501 564 φαίνοντα
521 481 585 558 legit
607 488 633 536 et
654 467 800 558 φθίνων.
850 467 901 533 Τά
916 515 922 526 .
935 511 942 526 .
955 513 990 547 .‚
1010 477 1069 530 sire
1090 470 1141 529 boc
1161 474 1289 548 scripturn
1310 479 1354 532 in.

278 573 352 629 venit
373 573 429 625 sire
451 567 569 642 conjecit.
612 562 649 621 itt
669 561 721 620 hoc
743 563 799 637 jam
822 579 838 616 a
858 559 940 615 iliud.
963 566 1006 614 est
1031 556 1252 614 animadversum.
1297 559 1354 616 Sed

279 657 316 733 gi.
339 646 372 712 ui.
396 667 424 713 s.
454 639 604 722 παλαιαί,
626 633 894 724 παρεληλυθότα
924 641 1080 716 quibusdam
1110 641 1144 698 ad
1169 631 1353 737 φαίνοντα

241 757 249 764 ·
279 741 408 814 pertinere
434 739 494 791 risa
520 741 572 790 est.
616 728 696 806 Atqui
722 728 774 786 hoc
799 729 843 783 ille
873 745 956 801 neque
981 743 1035 800 per·
1053 718 1186 782 παλαια
1211 725 1350 782 comniode
1428 775 1429 800 ,

279 822 446 896 interpretari
473 824 591 893 poterat,
620 833 703 888 neque
732 811 823 869 eadem
848 830 912 867 rose
939 814 1126 885 interpretatus
1158 816 1247 878 esset,
1283 829 1351 884 quae
1428 855 1429 872 ,

279 905 359 964 simul
381 921 439 958 cum
461 890 636 979 φθίνοντα
659 919 674 953 a
696 895 777 970 Soph.
799 899 887 970 posita
908 900 988 950 esset.
1031 893 1122 966 ltaque
1144 893 1179 949 ad
1200 895 1281 950 aliam
1303 913 1348 950 vo·
1428 877 1429 902 ¹

279 1009 336 1046 cem
357 985 495 1043 referenda
517 992 566 1040 est.
610 980 686 1044 (luae
707 979 812 1036 ridetur
838 969 950 1035 πάλαι
973 979 1070 1052 luisse,
1099 978 1262 1052 glossemate
1283 991 1352 1033 πα-

280 1063 364 1130 λαιά
386 1072 449 1127 olirn
470 1068 612 1144 explicata,
641 1071 736 1142 postea
763 1064 881 1140 expulsa.
924 1061 988 1118 lade
1010 1059 1087 1118 sedes
1109 1061 1258 1130 mutabilis,
1287 1061 1351 1118 inde

244 1148 246 1157 ¹
281 1157 409 1213 librorum
431 1152 615 1226 discrepantia.
1128 1223 1131 1229 Ι
1221 1203 1224 1210 ,
1266 1151 1313 1227 ’.χ

366 1251 421 1309 Sed
447 1247 508 1326 quid
530 1247 629 1306 rnultal
658 1247 747 1324 Ipsum
772 1240 865 1304 vocab.
887 1235 993 1304 πάλαι
1013 1248 1041 1301 in
1068 1243 1127 1301 cod.
1149 1243 1301 1310 Trinitatis¹
1318 1249 1349 1315 ab

210 1355 214 1366 ’
280 1337 377 1397 Elrnsl.
404 1335 589 1411 Cantabrigiae
618 1333 713 1389 collato
743 1333 868 1408 legitur.¹
899 1328 959 1392 (luo
988 1333 1109 1385 restituto
1158 1337 1220 1384 uum
1239 1333 1368 1385 'in·str.·

229 1429 232 1436 “
277 1423 384 1502 jambus
406 1417 544 1486 redundet,
571 1423 664 1476 itermu
691 1415 793 1473 scholia
820 1417 897 1471 nobis
926 1415 1099 1488 subveniunt:
1133 1405 1190 1480 ἐς
1211 1395 1351 1486 λ’τιτῶν

154 1510 159 1519 “
267 1496 409 1572 ,ἀδίκων
437 1491 618 1584 ἀφέξεται,
647 1495 692 1580 τῷ
719 1492 821 1578 θυμῷ
844 1489 946 1556 αὐτοῦ
971 1489 1174 1592 (scpapirob)
1202 1488 1266 1564 τὀίς·
1288 1491 1352 1567 τῆς

281 1583 391 1672 ψυχῆς
420 1583 540 1655 κακίας
569 1577 780 1660 darboniacum
805 1572 827 1655 ἢ
857 1569 962 1640 οὕτω·
998 1595 1047 1650 τις
1074 1595 1118 1636 αν
1153 1569 1350 1638 desiderare

282 1660 386 1730 adseri
410 1669 477 1743 (scr.
499 1662 701 1745 adscribatis
722 1659 899 1746 τιμωρίαν,
920 1653 1060 1724 romara
1081 1655 1249 1744 operans.
1276 1663 1350 1722 Haec

283 1756 385 1816 duobus
412 1755 501 1812 deberi
526 1756 689 1822 auctoribus,
714 1761 745 1808 ut
770 1749 809 1807 de·
830 1750 936 1807 diversa
964 1751 1102 1806 verborum
1128 1744 1238 1828 ψυχῆς
1263 1741 1349 1824 βέλη

283 1841 459 1916 explicatione
493 1845 606 1906 taceam,
636 1838 679 1893 vrl
713 1822 737 1908 ἢ
771 1822 877 1902 οίίτως
908 1831 1033 1898 ostendit.
1081 1831 1199 1906 (luorum
1227 1835 1350 1908 priorem,
1378 1894 1383 1907 Ι

283 1943 369 1998 ηιιωιί
384 1911 579 1980 α’πελαῦνων
601 1919 706 1988 diceret,
729 1910 866 1995 ἀμύνων
883 1919 983 1994 legisse
1003 1915 1168 1974 Dindorfium
1191 1935 1245 1972 non
1267 1917 1350 1992 fugit:

68 2035 72 2042 ·
174 2075 178 2087 p
281 2003 373 2062 habuit
399 2012 486 2061 autem
512 1992 644 2082 ἔρξεται
654 2041 667 2074 ,
692 2001 762 2076 quod
791 2021 807 2057 a
832 2001 967 2059 nonnullis
994 2001 1139 2058 editoribus
1169 2001 1286 2078 ejicitur,
1309 2031 1349 2040 -

283 2095 395 2146 annelat
416 2091 485 2144 enim
507 2073 731 2168 αίφίξεται.-
774 2081 815 2140 Ab
837 2083 920 2142 altero
942 2084 1036 2141 deinde
1056 2089 1198 2162 interprete
1220 2073 1353 2160 ἔρξεται

216 2209 238 2252 ¹.
277 2162 419 2246 α’μῑίνων
447 2167 539 2226 eodem
565 2170 645 2225 verbo
678 2158 884 2228 ἀπελαύνειν
908 2170 1065 2245 explicatur,
1100 2176 1126 2226 et
1149 2165 1259 2248 ψυχᾶς
1287 2187 1354 2224 vose

284 2243 408 2326 αὑτοῦ,
435 2251 505 2330 quod
532 2254 565 2310 ab
591 2243 789 2310 ἀπελάσωεν
816 2248 920 2330 pendet.
962 2251 1034 2309 Huic
1061 2253 1165 2309 scilicet
1185 2251 1286 2310 leomini
1308 2243 1354 2308 ταί

283 2330 369 2416 βέλη
392 2337 445 2393 tela
466 2345 540 2392 erant
561 2339 708 2413 punientia,
730 2335 814 2410 idque
835 2339 919 2412 ipsum
943 2355 959 2392 a
980 2337 1130 2412 glossatore
1152 2335 1251 2392 codicis
1268 2334 1353 2412 'Lips

207 2463 213 2468 -
239 2469 242 2476 ,
284 2425 432 2478 accuratius
460 2422 552 2497 glossa
579 2410 645 2494 τήν
676 2407 781 2478 θείαν
809 2409 909 2494 δίκην
930 2421 1107 2496 significatur:
1129 2439 1212 2496 neque
1234 2424 1355 2493 sequitur

284 2515 313 2564 ut
334 2503 362 2560 hl
386 2498 477 2562 θεῶν
497 2497 582 2581 βέλη
604 2505 731 2580 legerint,
754 2503 824 2580 qrrod
845 2507 876 2560 ab
892 2507 1084 2580 ils-spectatum
1097 2523 1156 2562 esse
1173 2511 1247 2574 ratus
1261 2503 1354 2559 llerrn.

284 2593 391 2664 recepit.
434 2587 488 2646 Sed
513 2608 605 2645 rocem
628 2583 728 2668 θυμῷ
751 2591 879 2664 interpres
905 2600 996 2644 noster
1022 2605 1105 2662 neque
1130 2592 1354 2658 cornnrernorarit,

284 2691 367 2748 neque
388 2671 514 2728 habuisse
537 2679 638 2746 potest,
659 2683 690 2728 ut
721 2675 911 2739 alienissimam
939 2690 956 2727 a
984 2689 1034 2729 sua
1054 2671 1247 2746 explicatione,
1261 2691 1355 2746 eaque

284 2757 327 2824 vel
355 2764 462 2830 propter
487 2763 656 2825 synonymum
684 2758 768 2813 subst.
798 2751 906 2834 ψυχᾶς
925 2759 1052 2830 proxime
1085 2773 1197 2830 sequens
1223 2756 1356 2831 ejicienda

225 2905 229 2912 ,
285 2845 351 2896 erat.
394 2835 465 2894 Nam
487 2831 588 2918 θυμῷ
608 2837 675 2896 nihil
695 2843 749 2896 nisi
769 2843 880 2917 genitivi
902 2833 1038 2916 θυμοῦ,
1058 2858 1133 2916 quem
1155 2838 1229 2897 Flor.
1254 2842 1291 2896 A.
1314 2835 1353 2898 Θ.

286 2929 313 2982 et
342 2941 377 2982 ex
407 2940 474 2976 corr.
501 2918 589 2995 Μαίη.
613 2939 653 2978 a.·
671 2942 702 2980 ac
729 2922 806 2999 Lips.
829 2944 854 2984 a.
882 2925 1021 2998 praebent,
1059 2926 1206 2996 eomrptto,
1237 2917 1358 3000 θυμοῖ]

280 3014 373 3074 ‚autern
394 3008 468 3062 vocis
488 2999 598 3100 ψίχας
617 3005 713 3084 glossa
729 3007 834 3064 ridetur
853 3008 946 3064 fuisse.
984 3006 1031 3076 ¹lta
1045 2997 1161 3082 θυμός
1172 3006 1206 3065 ad
1222 3004 1267 3083 Aj.
1281 3001 1356 3066 716.

286 3089 432 3163 explicatur
459 3097 571 3166 ψυχαί,
600 3098 627 3146 et
661 3089 696 3148 ad
722 3093 813 3158 verba¹
833 3091 876 3148 El.
905 3083 976 3152 331.
1007 3083 1111 3170 θυμῷ
1138 3080 1273 3174 ματαίῳ
1303 3107 1356 3170 γρ.

285 3163 377 3263 ψυχῇ
395 3161 529 3248 ματαία
549 3181 700 3243 annotatur,
723 3193 799 3250 quarn
821 3184 847 3231 et
867 3179 951 3249 ipsam
973 3175 1091 3252 glossam
1106 3176 1191 3231 fuisse
1208 3179 1237 3230 in
1250 3195 1308 3251 cap.
1324 3173 1357 3232 4.

286 3257 314 3334 b.
331 3250 367 3323 ,4.
388 3255 552 3314 videbimus..
589 3255 753 3332 (lirarnquam
776 3251 897 3336 θυμῷ,
917 3266 948 3314 ut
968 3262 1050 3336 priori
1071 3257 1247 3328 scholiastae,
1274 3264 1358 3316 etiarn

286 3339 385 3398 Suidae
414 3347 471 3396 erat
499 3359 521 3397 s.
549 3359 574 3398 r.
601 3333 737 3418 κέρδος,
764 3346 816 3400 etsi
842 3346 929 3418 ipsum
950 3346 1122 3418 posteriorem
1144 3341 1228 3405 schol.
1250 3345 1287 3400 ibi
1311 3365 1359 3401 ωι-
1428 3405 1429 3416 p

285 3427 402 3498 scripsit.
444 3421 542 3497 Neque⁴
559 3433 645 3482 tanuen
666 3423 717 3482 lroc
742 3431 882 3502 quisquam
904 3427 1053 3496 mirabitur,
1080 3430 1124 3502 qui
1145 3424 1318 3495 scholiastam
1342 3447 1361 3484 a

287 3506 371 3569 buida
399 3525 431 3562 ne
459 3507 619 3564 intellectum
649 3508 751 3584 quidem
781 3527 841 3564 esse
869 3499 1097 3568 mhnadverterit:
1133 3529 1192 3566 nam
1221 3529 1300 3586 quum
1328 3516 1360 3568 in
1428 3505 1429 3508 ¹

274 3591 481 3650 ,corrnnrntariis
501 3595 600 3661 nostris
622 3585 727 3662 αὐτοῦ
742 3612 787 3666 pro
804 3581 905 3652 αὑτοῦ
925 3597 1067 3664 inveniret,
1089 3613 1224 3670 perperam
1247 3583 1362 3672 πράτ-

260 3733 265 3742 ,
287 3689 352 3732 των
371 3679 400 3732 in
421 3663 630 3749 πράττοντος
651 3679 770 3734 mutavit.
812 3674 848 3732 Et
876 3673 968 3736 habuit
994 3685 1130 3754 praeterea
1150 3680 1269 3752 ineptum
1286 3695 1361 3759 μα-

288 3745 390 3816 ταίων
412 3750 450 3816 δέ
471 3776 518 3832 pro
540 3749 716 3835 ματαίζων,
738 3759 807 3833 quod
828 3761 887 3820 libri
910 3781 940 3818 ao
962 3759 1065 3818 scholia
1086 3763 1220 3838 praebent.
1268 3827 1271 3834 .

371 3857 462 3932 ltaque
483 3856 549 3914 haec
568 3857 691 3917 ridentur
711 3858 850 3936 Sophoclis
870 3861 955 3918 fuisse
975 3863 1070 3918 verba:

446 3949 504 4024 uir·
524 3947 578 4015 ἕω
598 3947 674 4017 πότ’
692 3949 854 4028 duaci&
874 3951 961 4040 ἀνὴρ
982 3953 1067 4036 βέλη

440 4029 570 4117 ἴρξίται
595 4037 707 4122 ψυχᾶς
727 4036 898 4121 α’μύνων;

289 4145 308 4196 ί.
331 4160 355 4200 e.
377 4145 436 4215 quis
478 4145 529 4221 nisi
557 4146 626 4200 omni
648 4149 782 4221 pravitate
808 4145 982 4213 abstinuerit,
1008 4147 1062 4202 trla
1089 4163 1183 4202 arceas
1211 4145 1364 4220 prohibebit
