<?xml version="1.0" encoding="UTF-8"?>
<!DOCTYPE html PUBLIC "-//W3C//DTD XHTML 1.0 Transitional//EN"
    "http://www.w3.org/TR/xhtml1/DTD/xhtml1-transitional.dtd">
<html xmlns="http://www.w3.org/1999/xhtml" xml:lang="en" lang="en">
 <head>
  <title>
</title>
<meta http-equiv="Content-Type" content="text/html;charset=utf-8" />
  <meta name='ocr-system' content='tesseract 3.04.00' />
  <meta name='ocr-capabilities' content='ocr_page ocr_carea ocr_par ocr_line ocrx_word'/>
</head>
<body>
  <div class='ocr_page' id='page_1' title='image "./desophoclisscho00wolfgoog_0027.png"; bbox 0 0 2898 4754; ppageno 0'>
   <div class='ocr_carea' id='block_1_1' title="bbox 523 505 1434 651">
    <p class='ocr_par' dir='ltr' id='par_1_1' title="bbox 523 505 1434 651">
     <span class='ocr_line' id='line_1_1' title="bbox 523 505 1434 651; baseline -0.014 -18"><span class='ocrx_word' id='word_1_1' title='bbox 523 559 728 633; x_wconf 73' lang='lat' dir='ltr'><strong>onnon</strong></span> <span class='ocrx_word' id='word_1_2' title='bbox 753 505 1088 632; x_wconf 64' lang='lat' dir='ltr'><strong>subornon.</strong></span> <span class='ocrx_word' id='word_1_3' title='bbox 1428 563 1434 651; x_wconf 65' lang='lat' dir='ltr'><strong>p</strong></span> 
     </span>
    </p>
   </div>
   <div class='ocr_carea' id='block_1_2' title="bbox 290 673 1435 894">
    <p class='ocr_par' dir='ltr' id='par_1_2' title="bbox 290 673 1435 894">
     <span class='ocr_line' id='line_1_2' title="bbox 290 673 1435 894; baseline -0.002 -97"><span class='ocrx_word' id='word_1_4' title='bbox 290 731 355 797; x_wconf 83' lang='lat' dir='ltr'><strong>DE</strong></span> <span class='ocrx_word' id='word_1_5' title='bbox 387 727 593 798; x_wconf 75' lang='lat' dir='ltr'><strong>olormo</strong></span> <span class='ocrx_word' id='word_1_6' title='bbox 630 724 939 894; x_wconf 54' lang='lat' dir='ltr'><strong>Plthcclhrlhl</strong></span> <span class='ocrx_word' id='word_1_7' title='bbox 973 719 1317 836; x_wconf 74' lang='lat' dir='ltr'><strong>&#39;scuchlouuus</strong></span> <span class='ocrx_word' id='word_1_8' title='bbox 1430 673 1435 865; x_wconf 62' lang='lat' dir='ltr'><strong>l</strong></span> 
     </span>
    </p>
   </div>
   <div class='ocr_carea' id='block_1_3' title="bbox 159 1034 1437 4197">
    <p class='ocr_par' dir='ltr' id='par_1_3' title="bbox 159 1034 1437 4197">
     <span class='ocr_line' id='line_1_3' title="bbox 255 1034 1434 1112; baseline 0.002 -22"><span class='ocrx_word' id='word_1_9' title='bbox 255 1075 265 1090; x_wconf 72' lang='lat'><strong>.</strong></span> <span class='ocrx_word' id='word_1_10' title='bbox 350 1036 474 1094; x_wconf 79' lang='lat' dir='ltr'><strong>Veterum</strong></span> <span class='ocrx_word' id='word_1_11' title='bbox 498 1034 620 1104; x_wconf 85' lang='lat' dir='ltr'><strong>duorum,</strong></span> <span class='ocrx_word' id='word_1_12' title='bbox 643 1053 710 1112; x_wconf 89' lang='lat' dir='ltr'><strong>quos</strong></span> <span class='ocrx_word' id='word_1_13' title='bbox 731 1035 911 1111; x_wconf 82' lang='lat' dir='ltr'><strong>cognorimus,</strong></span> <span class='ocrx_word' id='word_1_14' title='bbox 933 1035 1100 1110; x_wconf 88' lang='lat' dir='ltr'><strong>interpretum</strong></span> <span class='ocrx_word' id='word_1_15' title='bbox 1122 1035 1231 1092; x_wconf 82' lang='lat' dir='ltr'><strong>alternuu</strong></span> <span class='ocrx_word' id='word_1_16' title='bbox 1254 1037 1338 1094; x_wconf 84' lang='lat' dir='ltr'><strong>credo</strong></span> <span class='ocrx_word' id='word_1_17' title='bbox 1433 1039 1434 1050; x_wconf 59' lang='lat'>¹</span> 
     </span>
     <span class='ocr_line' id='line_1_4' title="bbox 268 1117 1340 1199; baseline -0.002 -19"><span class='ocrx_word' id='word_1_18' title='bbox 268 1127 352 1199; x_wconf 88' lang='lat' dir='ltr'><strong>ipsum</strong></span> <span class='ocrx_word' id='word_1_19' title='bbox 383 1123 468 1178; x_wconf 84' lang='lat' dir='ltr'><strong>fuisse</strong></span> <span class='ocrx_word' id='word_1_20' title='bbox 497 1120 647 1190; x_wconf 81' lang='lat' dir='ltr'><strong>Didymrun.</strong></span> <span class='ocrx_word' id='word_1_21' title='bbox 689 1117 789 1176; x_wconf 90' lang='lat' dir='ltr'><strong>Notum</strong></span> <span class='ocrx_word' id='word_1_22' title='bbox 818 1127 874 1185; x_wconf 90' lang='lat' dir='ltr'><strong>est,</strong></span> <span class='ocrx_word' id='word_1_23' title='bbox 902 1117 973 1176; x_wconf 90' lang='lat' dir='ltr'><strong>hunc</strong></span> <span class='ocrx_word' id='word_1_24' title='bbox 1001 1122 1196 1194; x_wconf 80' lang='lat' dir='ltr'><strong>grammaticum</strong></span> <span class='ocrx_word' id='word_1_25' title='bbox 1227 1130 1340 1196; x_wconf 83' lang='lat' dir='ltr'><strong>propter·</strong></span> 
     </span>
     <span class='ocr_line' id='line_1_5' title="bbox 269 1194 1337 1282; baseline -0.004 -17"><span class='ocrx_word' id='word_1_26' title='bbox 269 1209 378 1264; x_wconf 76' lang='lat' dir='ltr'><strong>hereum</strong></span> <span class='ocrx_word' id='word_1_27' title='bbox 408 1194 488 1282; x_wconf 58' lang='lat' dir='ltr'><strong>&#39;quasi</strong></span> <span class='ocrx_word' id='word_1_28' title='bbox 516 1204 670 1262; x_wconf 85' lang='lat' dir='ltr'><strong>industriam</strong></span> <span class='ocrx_word' id='word_1_29' title='bbox 700 1201 866 1266; x_wconf 67' lang='lat' dir='ltr'><strong>chalcenteri</strong></span> <span class='ocrx_word' id='word_1_30' title='bbox 892 1221 986 1259; x_wconf 87' lang='lat' dir='ltr'><strong>nomen</strong></span> <span class='ocrx_word' id='word_1_31' title='bbox 1018 1205 1151 1277; x_wconf 86' lang='lat' dir='ltr'><strong>accepisse</strong></span> <span class='ocrx_word' id='word_1_32' title='bbox 1180 1203 1233 1274; x_wconf 84' lang='lat' dir='ltr'><strong>(cf.</strong></span> <span class='ocrx_word' id='word_1_33' title='bbox 1256 1203 1337 1266; x_wconf 80' lang='lat' dir='ltr'><strong>soro.</strong></span> 
     </span>
     <span class='ocr_line' id='line_1_6' title="bbox 271 1279 1434 1366; baseline 0.001 -21"><span class='ocrx_word' id='word_1_34' title='bbox 271 1310 296 1350; x_wconf 82' lang='lat' dir='ltr'><strong>r.</strong></span> <span class='ocrx_word' id='word_1_35' title='bbox 318 1281 464 1366; x_wconf 74' lang='grc' dir='ltr'><strong><em>Δίδυμος</em></strong></span> <span class='ocrx_word' id='word_1_36' title='bbox 493 1295 520 1346; x_wconf 91' lang='lat' dir='ltr'><strong>et</strong></span> <span class='ocrx_word' id='word_1_37' title='bbox 548 1286 635 1348; x_wconf 81' lang='lat' dir='ltr'><strong>Arum.</strong></span> <span class='ocrx_word' id='word_1_38' title='bbox 658 1285 749 1362; x_wconf 75' lang='lat' dir='ltr'><strong>Marc.</strong></span> <span class='ocrx_word' id='word_1_39' title='bbox 764 1281 816 1346; x_wconf 82' lang='lat'><strong>22.</strong></span> <span class='ocrx_word' id='word_1_40' title='bbox 839 1281 889 1346; x_wconf 75' lang='lat' dir='ltr'><strong>lh.</strong></span> <span class='ocrx_word' id='word_1_41' title='bbox 914 1279 989 1356; x_wconf 65' lang='lat' dir='ltr'><strong>lilla</strong></span> <span class='ocrx_word' id='word_1_42' title='bbox 1019 1289 1125 1362; x_wconf 77' lang='lat' dir='ltr'><strong>scripsit</strong></span> <span class='ocrx_word' id='word_1_43' title='bbox 1146 1291 1215 1355; x_wconf 80' lang='lat' dir='ltr'><strong>enirn</strong></span> <span class='ocrx_word' id='word_1_44' title='bbox 1237 1281 1336 1350; x_wconf 79' lang='grc'><strong>3500.</strong></span> <span class='ocrx_word' id='word_1_45' title='bbox 1433 1311 1434 1314; x_wconf 65' lang='grc'>’</span> 
     </span>
     <span class='ocr_line' id='line_1_7' title="bbox 269 1361 1338 1448; baseline 0.002 -19"><span class='ocrx_word' id='word_1_46' title='bbox 269 1369 378 1446; x_wconf 82' lang='lat' dir='ltr'><strong>(Athen.</strong></span> <span class='ocrx_word' id='word_1_47' title='bbox 394 1365 426 1432; x_wconf 82' lang='grc'><strong>4.</strong></span> <span class='ocrx_word' id='word_1_48' title='bbox 447 1393 474 1448; x_wconf 82' lang='lat' dir='ltr'><strong>p.</strong></span> <span class='ocrx_word' id='word_1_49' title='bbox 501 1365 568 1432; x_wconf 84' lang='grc'><strong>139.</strong></span> <span class='ocrx_word' id='word_1_50' title='bbox 590 1365 629 1446; x_wconf 84' lang='lat' dir='ltr'><strong>c.)</strong></span> <span class='ocrx_word' id='word_1_51' title='bbox 651 1371 707 1438; x_wconf 86' lang='lat' dir='ltr'><strong>rel,</strong></span> <span class='ocrx_word' id='word_1_52' title='bbox 729 1371 843 1432; x_wconf 81' lang='lat' dir='ltr'>Senecae</span> <span class='ocrx_word' id='word_1_53' title='bbox 865 1369 939 1444; x_wconf 89' lang='lat' dir='ltr'><strong>(epp.</strong></span> <span class='ocrx_word' id='word_1_54' title='bbox 949 1361 1016 1442; x_wconf 75' lang='grc'><strong>88.)</strong></span> <span class='ocrx_word' id='word_1_55' title='bbox 1039 1372 1063 1426; x_wconf 88' lang='lat' dir='ltr'><strong>si</strong></span> <span class='ocrx_word' id='word_1_56' title='bbox 1086 1370 1224 1438; x_wconf 86' lang='lat' dir='ltr'><strong>credimus,</strong></span> <span class='ocrx_word' id='word_1_57' title='bbox 1247 1364 1338 1431; x_wconf 81' lang='grc'><strong>4000</strong></span> 
     </span>
     <span class='ocr_line' id='line_1_8' title="bbox 270 1453 1336 1530; baseline 0 -17"><span class='ocrx_word' id='word_1_58' title='bbox 270 1459 361 1517; x_wconf 85' lang='lat' dir='ltr'><strong>libros.</strong></span> <span class='ocrx_word' id='word_1_59' title='bbox 403 1453 580 1514; x_wconf 79' lang='lat' dir='ltr'><strong>Alexandriae</strong></span> <span class='ocrx_word' id='word_1_60' title='bbox 609 1461 687 1512; x_wconf 89' lang='lat' dir='ltr'><strong>natus</strong></span> <span class='ocrx_word' id='word_1_61' title='bbox 715 1461 810 1529; x_wconf 89' lang='lat' dir='ltr'><strong>postea</strong></span> <span class='ocrx_word' id='word_1_62' title='bbox 835 1453 945 1510; x_wconf 86' lang='lat' dir='ltr'><strong>Romam</strong></span> <span class='ocrx_word' id='word_1_63' title='bbox 972 1456 1094 1530; x_wconf 85' lang='lat' dir='ltr'><strong>urigrarit</strong></span> <span class='ocrx_word' id='word_1_64' title='bbox 1122 1461 1148 1510; x_wconf 89' lang='lat' dir='ltr'><strong>et</strong></span> <span class='ocrx_word' id='word_1_65' title='bbox 1174 1474 1190 1510; x_wconf 87' lang='lat' dir='ltr'><strong>a</strong></span> <span class='ocrx_word' id='word_1_66' title='bbox 1217 1454 1336 1514; x_wconf 77' lang='lat' dir='ltr'><strong>Caesare</strong></span> 
     </span>
     <span class='ocr_line' id='line_1_9' title="bbox 268 1536 1433 1615; baseline -0.002 -15"><span class='ocrx_word' id='word_1_67' title='bbox 268 1539 405 1600; x_wconf 85' lang='lat' dir='ltr'><strong>Dictatore</strong></span> <span class='ocrx_word' id='word_1_68' title='bbox 434 1559 516 1615; x_wconf 87' lang='lat' dir='ltr'><strong>usque</strong></span> <span class='ocrx_word' id='word_1_69' title='bbox 538 1539 572 1596; x_wconf 76' lang='lat' dir='ltr'><strong>ol</strong></span> <span class='ocrx_word' id='word_1_70' title='bbox 587 1536 740 1614; x_wconf 68' lang='lat' dir='ltr'><strong>Augustum</strong></span> <span class='ocrx_word' id='word_1_71' title='bbox 763 1537 947 1613; x_wconf 79' lang='lat' dir='ltr'>Imperatorem</span> <span class='ocrx_word' id='word_1_72' title='bbox 968 1538 1072 1607; x_wconf 86' lang='lat' dir='ltr'><strong>floruit;</strong></span> <span class='ocrx_word' id='word_1_73' title='bbox 1102 1543 1206 1615; x_wconf 77' lang='lat' dir='ltr'>egitque</span> <span class='ocrx_word' id='word_1_74' title='bbox 1238 1539 1271 1598; x_wconf 84' lang='lat' dir='ltr'><strong>de</strong></span> <span class='ocrx_word' id='word_1_75' title='bbox 1299 1560 1334 1598; x_wconf 91' lang='lat' dir='ltr'><strong>eo</strong></span> <span class='ocrx_word' id='word_1_76' title='bbox 1432 1547 1433 1552; x_wconf 76' lang='grc'>’</span> 
     </span>
     <span class='ocr_line' id='line_1_10' title="bbox 270 1613 867 1686; baseline -0.003 -4"><span class='ocrx_word' id='word_1_77' title='bbox 270 1625 304 1686; x_wconf 87' lang='lat' dir='ltr'><strong>G.</strong></span> <span class='ocrx_word' id='word_1_78' title='bbox 325 1623 351 1682; x_wconf 88' lang='lat' dir='ltr'><strong>J.</strong></span> <span class='ocrx_word' id='word_1_79' title='bbox 374 1623 487 1682; x_wconf 78' lang='lat' dir='ltr'>Vossius</span> <span class='ocrx_word' id='word_1_80' title='bbox 511 1623 543 1680; x_wconf 88' lang='lat' dir='ltr'><strong>de</strong></span> <span class='ocrx_word' id='word_1_81' title='bbox 564 1622 628 1680; x_wconf 89' lang='lat' dir='ltr'><strong>hist.</strong></span> <span class='ocrx_word' id='word_1_82' title='bbox 653 1623 748 1680; x_wconf 84' lang='lat' dir='ltr'><strong>Graec.</strong></span> <span class='ocrx_word' id='word_1_83' title='bbox 770 1621 793 1681; x_wconf 90' lang='lat' dir='ltr'><strong>I.</strong></span> <span class='ocrx_word' id='word_1_84' title='bbox 815 1613 867 1680; x_wconf 81' lang='grc'><strong>24.</strong></span> 
     </span>
     <span class='ocr_line' id='line_1_11' title="bbox 353 1705 1336 1791; baseline 0.001 -27"><span class='ocrx_word' id='word_1_85' title='bbox 353 1707 431 1764; x_wconf 89' lang='lat' dir='ltr'><strong>Hunc</strong></span> <span class='ocrx_word' id='word_1_86' title='bbox 457 1711 537 1784; x_wconf 85' lang='lat' dir='ltr'><strong>igitur</strong></span> <span class='ocrx_word' id='word_1_87' title='bbox 564 1707 698 1764; x_wconf 87' lang='lat' dir='ltr'><strong>hominurn</strong></span> <span class='ocrx_word' id='word_1_88' title='bbox 725 1705 860 1762; x_wconf 87' lang='lat' dir='ltr'><strong>doctorum</strong></span> <span class='ocrx_word' id='word_1_89' title='bbox 886 1706 1001 1781; x_wconf 78' lang='lat' dir='ltr'>plerique</span> <span class='ocrx_word' id='word_1_90' title='bbox 1022 1705 1190 1791; x_wconf 84' lang='lat' dir='ltr'><strong>principalem</strong></span> <span class='ocrx_word' id='word_1_91' title='bbox 1211 1705 1336 1766; x_wconf 83' lang='lat' dir='ltr'><strong>ridentur</strong></span> 
     </span>
     <span class='ocr_line' id='line_1_12' title="bbox 159 1785 1334 1866; baseline 0 -18"><span class='ocrx_word' id='word_1_92' title='bbox 159 1829 167 1848; x_wconf 83' lang='lat'><strong>.</strong></span> <span class='ocrx_word' id='word_1_93' title='bbox 268 1789 427 1852; x_wconf 79' lang='lat' dir='ltr'><strong>scholiorum</strong></span> <span class='ocrx_word' id='word_1_94' title='bbox 450 1791 590 1866; x_wconf 84' lang='lat' dir='ltr'><strong>Sophoclis</strong></span> <span class='ocrx_word' id='word_1_95' title='bbox 616 1791 715 1848; x_wconf 83' lang='lat' dir='ltr'><strong>fontem</strong></span> <span class='ocrx_word' id='word_1_96' title='bbox 740 1789 852 1858; x_wconf 87' lang='lat' dir='ltr'><strong>habere,</strong></span> <span class='ocrx_word' id='word_1_97' title='bbox 879 1791 952 1846; x_wconf 85' lang='lat' dir='ltr'><strong>velut</strong></span> <span class='ocrx_word' id='word_1_98' title='bbox 978 1793 1006 1846; x_wconf 89' lang='lat' dir='ltr'><strong>in</strong></span> <span class='ocrx_word' id='word_1_99' title='bbox 1031 1793 1181 1846; x_wconf 87' lang='lat' dir='ltr'><strong>universum</strong></span> <span class='ocrx_word' id='word_1_100' title='bbox 1203 1785 1334 1851; x_wconf 80' lang='lat' dir='ltr'><strong>Bernhar-</strong></span> 
     </span>
     <span class='ocr_line' id='line_1_13' title="bbox 269 1865 1336 1950; baseline 0.004 -19"><span class='ocrx_word' id='word_1_101' title='bbox 269 1876 328 1934; x_wconf 86' lang='lat' dir='ltr'><strong>dius</strong></span> <span class='ocrx_word' id='word_1_102' title='bbox 349 1879 377 1932; x_wconf 90' lang='lat' dir='ltr'><strong>in</strong></span> <span class='ocrx_word' id='word_1_103' title='bbox 398 1874 462 1936; x_wconf 89' lang='lat' dir='ltr'><strong>hist.</strong></span> <span class='ocrx_word' id='word_1_104' title='bbox 485 1877 536 1932; x_wconf 91' lang='lat' dir='ltr'><strong>litt.</strong></span> <span class='ocrx_word' id='word_1_105' title='bbox 560 1875 654 1932; x_wconf 86' lang='lat' dir='ltr'><strong>Graec.</strong></span> <span class='ocrx_word' id='word_1_106' title='bbox 676 1873 698 1934; x_wconf 90' lang='grc' dir='ltr'><strong>Ι.</strong></span> <span class='ocrx_word' id='word_1_107' title='bbox 720 1893 745 1948; x_wconf 88' lang='lat' dir='ltr'><strong>p.</strong></span> <span class='ocrx_word' id='word_1_108' title='bbox 766 1865 839 1932; x_wconf 66' lang='grc'><strong>386.</strong></span> <span class='ocrx_word' id='word_1_109' title='bbox 862 1877 912 1932; x_wconf 85' lang='lat' dir='ltr'><strong>nit:</strong></span> <span class='ocrx_word' id='word_1_110' title='bbox 946 1867 1024 1932; x_wconf 68' lang='lat' dir='ltr'><strong>Eius</strong></span> <span class='ocrx_word' id='word_1_111' title='bbox 1050 1870 1246 1950; x_wconf 70' lang='lat' dir='ltr'><strong>weitlt&#39;lulte&#39;pe</strong></span> <span class='ocrx_word' id='word_1_112' title='bbox 1274 1869 1336 1946; x_wconf 52' lang='lat' dir='ltr'><strong>Re,-</strong></span> 
     </span>
     <span class='ocr_line' id='line_1_14' title="bbox 267 1951 1337 2032; baseline -0.001 -14"><span class='ocrx_word' id='word_1_113' title='bbox 267 1955 395 2018; x_wconf 82' lang='lat' dir='ltr'><strong>doctioo</strong></span> <span class='ocrx_word' id='word_1_114' title='bbox 416 1971 474 2016; x_wconf 87' lang='lat' dir='ltr'><strong>aus</strong></span> <span class='ocrx_word' id='word_1_115' title='bbox 494 1955 625 2017; x_wconf 86' lang='lat' dir='ltr'><strong>solchem</strong></span> <span class='ocrx_word' id='word_1_116' title='bbox 634 1951 787 2026; x_wconf 83' lang='lat' dir='ltr'><strong>Nochtoss</strong></span> <span class='ocrx_word' id='word_1_117' title='bbox 809 1963 936 2032; x_wconf 65' lang='lat' dir='ltr'><strong>(vetorum</strong></span> <span class='ocrx_word' id='word_1_118' title='bbox 951 1953 1192 2031; x_wconf 77' lang='lat' dir='ltr'><strong>hyponneoamm)</strong></span> <span class='ocrx_word' id='word_1_119' title='bbox 1214 1955 1337 2020; x_wconf 72' lang='lat' dir='ltr'><strong>rnechte</strong></span> 
     </span>
     <span class='ocr_line' id='line_1_15' title="bbox 267 2033 1335 2117; baseline 0.002 -18"><span class='ocrx_word' id='word_1_120' title='bbox 267 2037 439 2116; x_wconf 77' lang='lat' dir='ltr'><strong>Didymus,</strong></span> <span class='ocrx_word' id='word_1_121' title='bbox 461 2037 510 2100; x_wconf 81' lang='lat' dir='ltr'><strong>die</strong></span> <span class='ocrx_word' id='word_1_122' title='bbox 529 2033 621 2098; x_wconf 78' lang='lat' dir='ltr'><strong>Baris</strong></span> <span class='ocrx_word' id='word_1_123' title='bbox 643 2035 720 2097; x_wconf 86' lang='lat' dir='ltr'><strong>oller</strong></span> <span class='ocrx_word' id='word_1_124' title='bbox 739 2035 884 2114; x_wconf 75' lang='lat' dir='ltr'><strong>semeron</strong></span> <span class='ocrx_word' id='word_1_125' title='bbox 904 2033 1104 2100; x_wconf 83' lang='lat' dir='ltr'><strong>Scholiasteu.</strong></span> <span class='ocrx_word' id='word_1_126' title='bbox 1148 2040 1249 2098; x_wconf 82' lang='lat' dir='ltr'>Tamen</span> <span class='ocrx_word' id='word_1_127' title='bbox 1272 2047 1335 2117; x_wconf 85' lang='lat' dir='ltr'><strong>qnia</strong></span> 
     </span>
     <span class='ocr_line' id='line_1_16' title="bbox 269 2121 1334 2197; baseline 0.002 -15"><span class='ocrx_word' id='word_1_128' title='bbox 269 2127 352 2182; x_wconf 87' lang='lat' dir='ltr'><strong>obiter</strong></span> <span class='ocrx_word' id='word_1_129' title='bbox 374 2131 473 2182; x_wconf 86' lang='lat' dir='ltr'><strong>tautum</strong></span> <span class='ocrx_word' id='word_1_130' title='bbox 495 2124 543 2180; x_wconf 87' lang='lat' dir='ltr'><strong>illa</strong></span> <span class='ocrx_word' id='word_1_131' title='bbox 571 2125 701 2180; x_wconf 83' lang='lat' dir='ltr'><strong>sententia</strong></span> <span class='ocrx_word' id='word_1_132' title='bbox 728 2121 813 2178; x_wconf 83' lang='lat' dir='ltr'><strong>adhuc</strong></span> <span class='ocrx_word' id='word_1_133' title='bbox 840 2129 1006 2197; x_wconf 86' lang='lat' dir='ltr'><strong>pronuntiata</strong></span> <span class='ocrx_word' id='word_1_134' title='bbox 1027 2132 1083 2192; x_wconf 87' lang='lat' dir='ltr'><strong>est,</strong></span> <span class='ocrx_word' id='word_1_135' title='bbox 1106 2130 1133 2180; x_wconf 89' lang='lat' dir='ltr'><strong>et</strong></span> <span class='ocrx_word' id='word_1_136' title='bbox 1153 2127 1185 2182; x_wconf 83' lang='lat' dir='ltr'><strong>ab</strong></span> <span class='ocrx_word' id='word_1_137' title='bbox 1207 2123 1334 2185; x_wconf 85' lang='lat' dir='ltr'><strong>Richtero</strong></span> 
     </span>
     <span class='ocr_line' id='line_1_17' title="bbox 267 2205 1334 2286; baseline 0 -22"><span class='ocrx_word' id='word_1_138' title='bbox 267 2227 386 2284; x_wconf 70' lang='lat' dir='ltr'><strong>quoque,</strong></span> <span class='ocrx_word' id='word_1_139' title='bbox 409 2211 453 2282; x_wconf 91' lang='lat' dir='ltr'><strong>qui</strong></span> <span class='ocrx_word' id='word_1_140' title='bbox 473 2214 621 2282; x_wconf 86' lang='lat' dir='ltr'><strong>postremus</strong></span> <span class='ocrx_word' id='word_1_141' title='bbox 644 2205 676 2262; x_wconf 86' lang='lat' dir='ltr'><strong>de</strong></span> <span class='ocrx_word' id='word_1_142' title='bbox 699 2225 731 2262; x_wconf 91' lang='lat' dir='ltr'><strong>ea</strong></span> <span class='ocrx_word' id='word_1_143' title='bbox 752 2205 903 2282; x_wconf 84' lang='lat' dir='ltr'><strong>disputarit,</strong></span> <span class='ocrx_word' id='word_1_144' title='bbox 924 2211 1012 2282; x_wconf 88' lang='lat' dir='ltr'><strong>posita</strong></span> <span class='ocrx_word' id='word_1_145' title='bbox 1033 2211 1118 2284; x_wconf 83' lang='lat' dir='ltr'><strong>magis</strong></span> <span class='ocrx_word' id='word_1_146' title='bbox 1125 2249 1133 2278; x_wconf 90' lang='lat'><strong>,</strong></span> <span class='ocrx_word' id='word_1_147' title='bbox 1156 2228 1232 2283; x_wconf 90' lang='lat' dir='ltr'><strong>quam</strong></span> <span class='ocrx_word' id='word_1_148' title='bbox 1255 2229 1334 2286; x_wconf 84' lang='lat' dir='ltr'><strong>argu-</strong></span> 
     </span>
     <span class='ocr_line' id='line_1_18' title="bbox 268 2290 1334 2368; baseline 0.004 -20"><span class='ocrx_word' id='word_1_149' title='bbox 268 2295 364 2363; x_wconf 84' lang='lat' dir='ltr'><strong>mentis</strong></span> <span class='ocrx_word' id='word_1_150' title='bbox 393 2300 435 2348; x_wconf 90' lang='lat' dir='ltr'><strong>est</strong></span> <span class='ocrx_word' id='word_1_151' title='bbox 464 2290 657 2358; x_wconf 87' lang='lat' dir='ltr'><strong>demonstrata,</strong></span> <span class='ocrx_word' id='word_1_152' title='bbox 684 2291 770 2346; x_wconf 86' lang='lat' dir='ltr'><strong>iacere</strong></span> <span class='ocrx_word' id='word_1_153' title='bbox 801 2310 853 2348; x_wconf 92' lang='lat' dir='ltr'><strong>non</strong></span> <span class='ocrx_word' id='word_1_154' title='bbox 878 2295 969 2366; x_wconf 91' lang='lat' dir='ltr'><strong>potui,</strong></span> <span class='ocrx_word' id='word_1_155' title='bbox 996 2295 1215 2368; x_wconf 54' lang='lat' dir='ltr'><strong>quinsingratum</strong></span> <span class='ocrx_word' id='word_1_156' title='bbox 1237 2313 1334 2352; x_wconf 76' lang='lat' dir='ltr'><strong>moruus</strong></span> 
     </span>
     <span class='ocr_line' id='line_1_19' title="bbox 268 2373 1437 2452; baseline 0.003 -22"><span class='ocrx_word' id='word_1_157' title='bbox 268 2374 409 2452; x_wconf 81' lang='lat' dir='ltr'><strong>probandi,</strong></span> <span class='ocrx_word' id='word_1_158' title='bbox 432 2375 464 2432; x_wconf 85' lang='lat' dir='ltr'><strong>rie</strong></span> <span class='ocrx_word' id='word_1_159' title='bbox 487 2395 537 2449; x_wconf 92' lang='lat' dir='ltr'><strong>quo</strong></span> <span class='ocrx_word' id='word_1_160' title='bbox 558 2375 663 2452; x_wconf 88' lang='lat' dir='ltr'><strong>plurimi</strong></span> <span class='ocrx_word' id='word_1_161' title='bbox 684 2393 717 2432; x_wconf 90' lang='lat' dir='ltr'><strong>ue</strong></span> <span class='ocrx_word' id='word_1_162' title='bbox 745 2373 891 2433; x_wconf 71' lang='lat' dir='ltr'><strong>dubitarent</strong></span> <span class='ocrx_word' id='word_1_163' title='bbox 913 2374 1030 2450; x_wconf 86' lang='lat' dir='ltr'><strong>quidem,</strong></span> <span class='ocrx_word' id='word_1_164' title='bbox 1051 2379 1079 2432; x_wconf 90' lang='lat' dir='ltr'><strong>in</strong></span> <span class='ocrx_word' id='word_1_165' title='bbox 1101 2395 1142 2432; x_wconf 89' lang='lat' dir='ltr'><strong>rue</strong></span> <span class='ocrx_word' id='word_1_166' title='bbox 1164 2381 1334 2452; x_wconf 83' lang='lat' dir='ltr'><strong>susciperem.</strong></span> <span class='ocrx_word' id='word_1_167' title='bbox 1436 2383 1437 2386; x_wconf 74' lang='grc'>’</span> 
     </span>
     <span class='ocr_line' id='line_1_20' title="bbox 354 2455 1336 2530; baseline 0.003 -14"><span class='ocrx_word' id='word_1_168' title='bbox 354 2459 443 2516; x_wconf 85' lang='lat' dir='ltr'><strong>Octies</strong></span> <span class='ocrx_word' id='word_1_169' title='bbox 471 2457 603 2530; x_wconf 82' lang='lat' dir='ltr'>Didymus</span> <span class='ocrx_word' id='word_1_170' title='bbox 631 2461 659 2514; x_wconf 90' lang='lat' dir='ltr'><strong>in</strong></span> <span class='ocrx_word' id='word_1_171' title='bbox 688 2455 798 2516; x_wconf 77' lang='lat' dir='ltr'><strong>scholiis</strong></span> <span class='ocrx_word' id='word_1_172' title='bbox 828 2463 927 2516; x_wconf 87' lang='lat' dir='ltr'><strong>nostris</strong></span> <span class='ocrx_word' id='word_1_173' title='bbox 956 2467 1180 2519; x_wconf 85' lang='lat' dir='ltr'><strong>corumemoratur.</strong></span> <span class='ocrx_word' id='word_1_174' title='bbox 1231 2461 1268 2518; x_wconf 80' lang='lat' dir='ltr'><strong>ut</strong></span> <span class='ocrx_word' id='word_1_175' title='bbox 1299 2461 1336 2519; x_wconf 83' lang='lat' dir='ltr'><strong>ad</strong></span> 
     </span>
     <span class='ocr_line' id='line_1_21' title="bbox 267 2533 1336 2624; baseline 0.002 -24"><span class='ocrx_word' id='word_1_176' title='bbox 267 2541 358 2622; x_wconf 81' lang='lat' dir='ltr'><strong>Antig.</strong></span> <span class='ocrx_word' id='word_1_177' title='bbox 379 2533 406 2604; x_wconf 80' lang='lat' dir='ltr'><strong>r.</strong></span> <span class='ocrx_word' id='word_1_178' title='bbox 420 2535 477 2622; x_wconf 64' lang='lat'><strong>245.</strong></span> <span class='ocrx_word' id='word_1_179' title='bbox 500 2543 602 2620; x_wconf 82' lang='lat' dir='ltr'><strong>quidem</strong></span> <span class='ocrx_word' id='word_1_180' title='bbox 626 2543 695 2618; x_wconf 88' lang='lat' dir='ltr'><strong>quod</strong></span> <span class='ocrx_word' id='word_1_181' title='bbox 717 2550 872 2600; x_wconf 89' lang='lat' dir='ltr'><strong>annotatur:</strong></span> <span class='ocrx_word' id='word_1_182' title='bbox 896 2533 1043 2620; x_wconf 78' lang='grc' dir='ltr'><em>Δίδυμος</em></span> <span class='ocrx_word' id='word_1_183' title='bbox 1064 2535 1101 2599; x_wconf 80' lang='grc' dir='ltr'><strong>δέ</strong></span> <span class='ocrx_word' id='word_1_184' title='bbox 1123 2559 1160 2624; x_wconf 84' lang='grc' dir='ltr'><strong>φ.</strong></span> <span class='ocrx_word' id='word_1_185' title='bbox 1181 2535 1243 2602; x_wconf 75' lang='grc' dir='ltr'><strong>ὑπὸ</strong></span> <span class='ocrx_word' id='word_1_186' title='bbox 1267 2536 1336 2602; x_wconf 75' lang='grc' dir='ltr'><strong>τῶν</strong></span> 
     </span>
     <span class='ocr_line' id='line_1_22' title="bbox 267 2617 1335 2704; baseline 0.001 -20"><span class='ocrx_word' id='word_1_187' title='bbox 267 2620 571 2702; x_wconf 80' lang='grc' dir='ltr'><strong><em>ὐπομνηματιστῶν</em></strong></span> <span class='ocrx_word' id='word_1_188' title='bbox 592 2619 652 2684; x_wconf 79' lang='grc' dir='ltr'><strong>τόν</strong></span> <span class='ocrx_word' id='word_1_189' title='bbox 673 2618 745 2696; x_wconf 78' lang='grc' dir='ltr'><strong><em>ἑξῆς</em></strong></span> <span class='ocrx_word' id='word_1_190' title='bbox 766 2617 878 2704; x_wconf 81' lang='grc' dir='ltr'><strong><em>στίχον</em></strong></span> <span class='ocrx_word' id='word_1_191' title='bbox 898 2619 1148 2699; x_wconf 60' lang='lat' dir='ltr'><strong>vavassorem,</strong></span> <span class='ocrx_word' id='word_1_192' title='bbox 1169 2627 1198 2684; x_wconf 82' lang='lat' dir='ltr'><strong>id</strong></span> <span class='ocrx_word' id='word_1_193' title='bbox 1218 2627 1335 2685; x_wconf 81' lang='lat' dir='ltr'><strong>dilucide</strong></span> 
     </span>
     <span class='ocr_line' id='line_1_23' title="bbox 267 2704 1333 2786; baseline 0.006 -22"><span class='ocrx_word' id='word_1_194' title='bbox 267 2711 407 2786; x_wconf 81' lang='lat' dir='ltr'><strong>patefacit,</strong></span> <span class='ocrx_word' id='word_1_195' title='bbox 435 2708 574 2783; x_wconf 86' lang='lat' dir='ltr'><strong>Sophoclis</strong></span> <span class='ocrx_word' id='word_1_196' title='bbox 600 2709 772 2776; x_wconf 79' lang='lat' dir='ltr'><strong>scholiastes,</strong></span> <span class='ocrx_word' id='word_1_197' title='bbox 804 2729 870 2782; x_wconf 88' lang='lat' dir='ltr'><strong>quos</strong></span> <span class='ocrx_word' id='word_1_198' title='bbox 896 2704 965 2766; x_wconf 82' lang='lat' dir='ltr'><strong>nuuc</strong></span> <span class='ocrx_word' id='word_1_199' title='bbox 990 2709 1146 2780; x_wconf 78' lang='lat' dir='ltr'><strong>habeamus,</strong></span> <span class='ocrx_word' id='word_1_200' title='bbox 1174 2730 1227 2784; x_wconf 84' lang='lat' dir='ltr'><strong>uon</strong></span> <span class='ocrx_word' id='word_1_201' title='bbox 1254 2714 1333 2786; x_wconf 87' lang='lat' dir='ltr'><strong>ipsos</strong></span> 
     </span>
     <span class='ocr_line' id='line_1_24' title="bbox 268 2793 1333 2870; baseline 0.004 -22"><span class='ocrx_word' id='word_1_202' title='bbox 268 2800 371 2848; x_wconf 81' lang='lat' dir='ltr'><strong>veteres</strong></span> <span class='ocrx_word' id='word_1_203' title='bbox 393 2793 455 2848; x_wconf 91' lang='lat' dir='ltr'><strong>illos</strong></span> <span class='ocrx_word' id='word_1_204' title='bbox 477 2795 677 2848; x_wconf 70' lang='lat' dir='ltr'><strong>commentarios</strong></span> <span class='ocrx_word' id='word_1_205' title='bbox 699 2795 856 2867; x_wconf 80' lang='lat' dir='ltr'><strong>inspexisse,</strong></span> <span class='ocrx_word' id='word_1_206' title='bbox 879 2793 962 2850; x_wconf 73' lang='lat' dir='ltr'><strong>sede</strong></span> <span class='ocrx_word' id='word_1_207' title='bbox 982 2793 1096 2866; x_wconf 80' lang='lat' dir='ltr'><strong>Didymo</strong></span> <span class='ocrx_word' id='word_1_208' title='bbox 1119 2801 1219 2852; x_wconf 86' lang='lat' dir='ltr'><strong>tautum</strong></span> <span class='ocrx_word' id='word_1_209' title='bbox 1233 2799 1333 2870; x_wconf 77' lang='lat' dir='ltr'><strong>cogni·</strong></span> 
     </span>
     <span class='ocr_line' id='line_1_25' title="bbox 269 2873 1333 2946; baseline 0.004 -14"><span class='ocrx_word' id='word_1_210' title='bbox 269 2883 312 2932; x_wconf 91' lang='lat' dir='ltr'><strong>tos</strong></span> <span class='ocrx_word' id='word_1_211' title='bbox 342 2874 478 2932; x_wconf 78' lang='lat' dir='ltr'><strong>hahuisse.</strong></span> <span class='ocrx_word' id='word_1_212' title='bbox 522 2875 571 2932; x_wconf 88' lang='lat' dir='ltr'><strong>Cui</strong></span> <span class='ocrx_word' id='word_1_213' title='bbox 601 2879 638 2935; x_wconf 90' lang='lat' dir='ltr'><strong>rei</strong></span> <span class='ocrx_word' id='word_1_214' title='bbox 665 2877 768 2934; x_wconf 81' lang='lat' dir='ltr'><strong>obstare</strong></span> <span class='ocrx_word' id='word_1_215' title='bbox 798 2875 918 2932; x_wconf 85' lang='lat' dir='ltr'><strong>rideatur</strong></span> <span class='ocrx_word' id='word_1_216' title='bbox 945 2875 1028 2938; x_wconf 91' lang='lat' dir='ltr'><strong>schol.</strong></span> <span class='ocrx_word' id='word_1_217' title='bbox 1050 2878 1084 2934; x_wconf 84' lang='lat' dir='ltr'><strong>ad</strong></span> <span class='ocrx_word' id='word_1_218' title='bbox 1107 2878 1139 2940; x_wconf 89' lang='lat'><strong>0.</strong></span> <span class='ocrx_word' id='word_1_219' title='bbox 1161 2873 1333 2946; x_wconf 66' lang='lat' dir='ltr'><strong>coum:</strong></span> 
     </span>
     <span class='ocr_line' id='line_1_26' title="bbox 275 2947 1334 3038; baseline 0.005 -23"><span class='ocrx_word' id='word_1_220' title='bbox 275 2951 403 3030; x_wconf 64' lang='lat' dir='ltr'><strong>To&#39;cipc</strong></span> <span class='ocrx_word' id='word_1_221' title='bbox 423 2947 612 3034; x_wconf 73' lang='grc' dir='ltr'><em>Ἀντιγόνης</em></span> <span class='ocrx_word' id='word_1_222' title='bbox 634 2947 806 3038; x_wconf 77' lang='grc' dir='ltr'><strong><em>πρόςωπον</em></strong></span> <span class='ocrx_word' id='word_1_223' title='bbox 827 2949 908 3016; x_wconf 83' lang='grc' dir='ltr'><strong><em>ὅλον</em></strong></span> <span class='ocrx_word' id='word_1_224' title='bbox 932 2955 990 3017; x_wconf 87' lang='grc' dir='ltr'><strong>καὶ</strong></span> <span class='ocrx_word' id='word_1_225' title='bbox 1013 2955 1072 3020; x_wconf 80' lang='grc' dir='ltr'><strong>τοῦ</strong></span> <span class='ocrx_word' id='word_1_226' title='bbox 1084 2955 1195 3038; x_wconf 80' lang='grc' dir='ltr'><strong><em>Χοροῦ</em></strong></span> <span class='ocrx_word' id='word_1_227' title='bbox 1215 2955 1255 3020; x_wconf 83' lang='grc' dir='ltr'><strong>τὸ</strong></span> <span class='ocrx_word' id='word_1_228' title='bbox 1279 2979 1334 3020; x_wconf 76' lang='grc' dir='ltr'><strong>τε-</strong></span> 
     </span>
     <span class='ocr_line' id='line_1_27' title="bbox 269 3031 1334 3124; baseline 0.005 -25"><span class='ocrx_word' id='word_1_229' title='bbox 269 3031 450 3120; x_wconf 81' lang='grc' dir='ltr'><strong><em>τράστιχον</em></strong></span> <span class='ocrx_word' id='word_1_230' title='bbox 477 3035 689 3100; x_wconf 62' lang='lat' dir='ltr'><strong>coarctatae</strong></span> <span class='ocrx_word' id='word_1_231' title='bbox 704 3077 811 3098; x_wconf 75' lang='lat'><strong>......</strong></span> <span class='ocrx_word' id='word_1_232' title='bbox 836 3033 941 3112; x_wconf 79' lang='grc' dir='ltr'><em>Ου’ὃὲν</em></span> <span class='ocrx_word' id='word_1_233' title='bbox 968 3041 1003 3104; x_wconf 83' lang='grc' dir='ltr'><strong>δὲ</strong></span> <span class='ocrx_word' id='word_1_234' title='bbox 1030 3039 1065 3103; x_wconf 79' lang='grc' dir='ltr'><strong>ἐν</strong></span> <span class='ocrx_word' id='word_1_235' title='bbox 1091 3043 1162 3113; x_wconf 81' lang='grc' dir='ltr'><strong><em>τοῖς</em></strong></span> <span class='ocrx_word' id='word_1_236' title='bbox 1184 3037 1334 3124; x_wconf 79' lang='grc' dir='ltr'><strong><em>Διδύμου</em></strong></span> 
     </span>
     <span class='ocr_line' id='line_1_28' title="bbox 267 3113 1333 3205; baseline 0.004 -23"><span class='ocrx_word' id='word_1_237' title='bbox 267 3113 391 3202; x_wconf 76' lang='grc' dir='ltr'><strong>Ιτούτων</strong></span> <span class='ocrx_word' id='word_1_238' title='bbox 412 3117 595 3201; x_wconf 70' lang='grc' dir='ltr'><strong><em>ὀβελιοθὲν</em></strong></span> <span class='ocrx_word' id='word_1_239' title='bbox 616 3115 762 3205; x_wconf 74' lang='grc' dir='ltr'><strong>εὕρομεν.</strong></span> <span class='ocrx_word' id='word_1_240' title='bbox 804 3125 857 3184; x_wconf 86' lang='lat' dir='ltr'><strong>Hic</strong></span> <span class='ocrx_word' id='word_1_241' title='bbox 883 3132 963 3204; x_wconf 83' lang='lat' dir='ltr'><strong>igitur</strong></span> <span class='ocrx_word' id='word_1_242' title='bbox 983 3129 1113 3202; x_wconf 84' lang='lat' dir='ltr'><strong>Didymus</strong></span> <span class='ocrx_word' id='word_1_243' title='bbox 1135 3133 1229 3186; x_wconf 84' lang='lat' dir='ltr'><strong>ceteris</strong></span> <span class='ocrx_word' id='word_1_244' title='bbox 1250 3133 1333 3188; x_wconf 87' lang='lat' dir='ltr'><strong>iuter·</strong></span> 
     </span>
     <span class='ocr_line' id='line_1_29' title="bbox 193 3210 1331 3289; baseline 0.011 -28"><span class='ocrx_word' id='word_1_245' title='bbox 193 3281 195 3286; x_wconf 28' lang='grc' dir='ltr'>Ι</span> <span class='ocrx_word' id='word_1_246' title='bbox 269 3211 385 3284; x_wconf 75' lang='lat' dir='ltr'><strong>pratibus</strong></span> <span class='ocrx_word' id='word_1_247' title='bbox 408 3214 561 3286; x_wconf 86' lang='lat' dir='ltr'><strong>opponitur,</strong></span> <span class='ocrx_word' id='word_1_248' title='bbox 592 3220 618 3268; x_wconf 91' lang='lat' dir='ltr'><strong>et</strong></span> <span class='ocrx_word' id='word_1_249' title='bbox 644 3210 889 3286; x_wconf 82' lang='lat' dir='ltr'><strong>hypomnematistis</strong></span> <span class='ocrx_word' id='word_1_250' title='bbox 917 3213 1036 3289; x_wconf 86' lang='lat' dir='ltr'><strong>quidem,</strong></span> <span class='ocrx_word' id='word_1_251' title='bbox 1055 3233 1085 3270; x_wconf 76' lang='lat' dir='ltr'><strong>a</strong></span> <span class='ocrx_word' id='word_1_252' title='bbox 1116 3216 1208 3288; x_wconf 85' lang='lat' dir='ltr'><strong>quibus</strong></span> <span class='ocrx_word' id='word_1_253' title='bbox 1239 3214 1331 3274; x_wconf 87' lang='lat' dir='ltr'><strong>obelos</strong></span> 
     </span>
     <span class='ocr_line' id='line_1_30' title="bbox 269 3287 1334 3372; baseline 0.008 -26"><span class='ocrx_word' id='word_1_254' title='bbox 269 3292 333 3348; x_wconf 88' lang='lat' dir='ltr'><strong>illos</strong></span> <span class='ocrx_word' id='word_1_255' title='bbox 354 3295 485 3368; x_wconf 85' lang='lat' dir='ltr'><strong>profectos</strong></span> <span class='ocrx_word' id='word_1_256' title='bbox 508 3287 570 3352; x_wconf 79' lang='lat' dir='ltr'><strong>esse</strong></span> <span class='ocrx_word' id='word_1_257' title='bbox 590 3315 667 3370; x_wconf 90' lang='lat' dir='ltr'><strong>quum</strong></span> <span class='ocrx_word' id='word_1_258' title='bbox 690 3295 753 3350; x_wconf 85' lang='lat' dir='ltr'><strong>aliis</strong></span> <span class='ocrx_word' id='word_1_259' title='bbox 772 3293 886 3363; x_wconf 86' lang='lat' dir='ltr'><strong>iudiciis,</strong></span> <span class='ocrx_word' id='word_1_260' title='bbox 902 3306 954 3352; x_wconf 86' lang='lat' dir='ltr'><strong>turn</strong></span> <span class='ocrx_word' id='word_1_261' title='bbox 972 3299 1013 3352; x_wconf 89' lang='lat' dir='ltr'><strong>rel</strong></span> <span class='ocrx_word' id='word_1_262' title='bbox 1036 3317 1070 3354; x_wconf 86' lang='lat' dir='ltr'><strong>ex</strong></span> <span class='ocrx_word' id='word_1_263' title='bbox 1090 3300 1148 3372; x_wconf 92' lang='lat' dir='ltr'><strong>ipso</strong></span> <span class='ocrx_word' id='word_1_264' title='bbox 1171 3297 1334 3372; x_wconf 81' lang='lat' dir='ltr'><strong>glossemate</strong></span> 
     </span>
     <span class='ocr_line' id='line_1_31' title="bbox 270 3370 1332 3456; baseline 0.007 -27"><span class='ocrx_word' id='word_1_265' title='bbox 270 3373 304 3430; x_wconf 82' lang='lat' dir='ltr'><strong>ao</strong></span> <span class='ocrx_word' id='word_1_266' title='bbox 325 3373 386 3435; x_wconf 80' lang='lat' dir='ltr'><strong>Ant.</strong></span> <span class='ocrx_word' id='word_1_267' title='bbox 407 3370 460 3436; x_wconf 65' lang='lat'><strong>⁴5.</strong></span> <span class='ocrx_word' id='word_1_268' title='bbox 482 3385 674 3454; x_wconf 80' lang='lat' dir='ltr'><strong>cognoscimus.</strong></span> <span class='ocrx_word' id='word_1_269' title='bbox 719 3377 770 3434; x_wconf 90' lang='lat' dir='ltr'><strong>Sed</strong></span> <span class='ocrx_word' id='word_1_270' title='bbox 793 3397 825 3434; x_wconf 87' lang='lat' dir='ltr'><strong>ne</strong></span> <span class='ocrx_word' id='word_1_271' title='bbox 848 3378 898 3435; x_wconf 89' lang='lat' dir='ltr'><strong>duo</strong></span> <span class='ocrx_word' id='word_1_272' title='bbox 920 3381 967 3436; x_wconf 86' lang='lat' dir='ltr'><strong>illa</strong></span> <span class='ocrx_word' id='word_1_273' title='bbox 983 3379 1084 3437; x_wconf 86' lang='lat' dir='ltr'><strong>scholia</strong></span> <span class='ocrx_word' id='word_1_274' title='bbox 1100 3388 1187 3437; x_wconf 87' lang='lat' dir='ltr'><strong>secum</strong></span> <span class='ocrx_word' id='word_1_275' title='bbox 1206 3389 1332 3456; x_wconf 81' lang='lat' dir='ltr'><strong>pugnent,</strong></span> 
     </span>
     <span class='ocr_line' id='line_1_32' title="bbox 270 3457 1332 3540; baseline 0.007 -27"><span class='ocrx_word' id='word_1_276' title='bbox 270 3457 382 3514; x_wconf 87' lang='lat' dir='ltr'><strong>dirersis</strong></span> <span class='ocrx_word' id='word_1_277' title='bbox 403 3462 481 3515; x_wconf 85' lang='lat' dir='ltr'><strong>tribui</strong></span> <span class='ocrx_word' id='word_1_278' title='bbox 503 3466 607 3534; x_wconf 86' lang='lat' dir='ltr'><strong>possint</strong></span> <span class='ocrx_word' id='word_1_279' title='bbox 629 3464 793 3527; x_wconf 88' lang='lat' dir='ltr'><strong>auctoribus,</strong></span> <span class='ocrx_word' id='word_1_280' title='bbox 823 3481 930 3535; x_wconf 88' lang='lat' dir='ltr'><strong>quorum</strong></span> <span class='ocrx_word' id='word_1_281' title='bbox 952 3465 1018 3519; x_wconf 84' lang='lat' dir='ltr'><strong>aher</strong></span> <span class='ocrx_word' id='word_1_282' title='bbox 1039 3463 1239 3538; x_wconf 70' lang='lat' dir='ltr'><strong>hypomnematis</strong></span> <span class='ocrx_word' id='word_1_283' title='bbox 1260 3465 1332 3540; x_wconf 82' lang='lat' dir='ltr'><strong>lege·</strong></span> 
     </span>
     <span class='ocr_line' id='line_1_33' title="bbox 269 3543 1332 3622; baseline 0.006 -24"><span class='ocrx_word' id='word_1_284' title='bbox 269 3546 318 3610; x_wconf 88' lang='lat' dir='ltr'><strong>rit,</strong></span> <span class='ocrx_word' id='word_1_285' title='bbox 340 3543 407 3598; x_wconf 86' lang='lat' dir='ltr'><strong>alter</strong></span> <span class='ocrx_word' id='word_1_286' title='bbox 435 3561 487 3598; x_wconf 89' lang='lat' dir='ltr'><strong>nou</strong></span> <span class='ocrx_word' id='word_1_287' title='bbox 515 3544 620 3618; x_wconf 62' lang='lat' dir='ltr'><strong>legerim</strong></span> <span class='ocrx_word' id='word_1_288' title='bbox 650 3553 677 3600; x_wconf 90' lang='lat' dir='ltr'><strong>at</strong></span> <span class='ocrx_word' id='word_1_289' title='bbox 706 3549 763 3617; x_wconf 90' lang='lat' dir='ltr'><strong>quis</strong></span> <span class='ocrx_word' id='word_1_290' title='bbox 785 3543 835 3600; x_wconf 89' lang='lat' dir='ltr'><strong>hoo</strong></span> <span class='ocrx_word' id='word_1_291' title='bbox 856 3545 958 3614; x_wconf 88' lang='lat' dir='ltr'><strong>credat,</strong></span> <span class='ocrx_word' id='word_1_292' title='bbox 981 3550 1024 3620; x_wconf 91' lang='lat' dir='ltr'><strong>qui</strong></span> <span class='ocrx_word' id='word_1_293' title='bbox 1046 3567 1174 3604; x_wconf 90' lang='lat' dir='ltr'><strong>summam</strong></span> <span class='ocrx_word' id='word_1_294' title='bbox 1195 3551 1332 3622; x_wconf 82' lang='lat' dir='ltr'><strong>utriusque</strong></span> 
     </span>
     <span class='ocr_line' id='line_1_34' title="bbox 270 3626 1437 3704; baseline 0.003 -22"><span class='ocrx_word' id='word_1_295' title='bbox 270 3629 450 3684; x_wconf 74' lang='lat' dir='ltr'><strong>annotationis</strong></span> <span class='ocrx_word' id='word_1_296' title='bbox 474 3634 573 3704; x_wconf 85' lang='lat' dir='ltr'><strong>spectet</strong></span> <span class='ocrx_word' id='word_1_297' title='bbox 595 3626 810 3682; x_wconf 65' lang='lat' dir='ltr'><strong>similitudinem?</strong></span> <span class='ocrx_word' id='word_1_298' title='bbox 841 3629 1001 3703; x_wconf 83' lang='lat' dir='ltr'><strong>inutraque</strong></span> <span class='ocrx_word' id='word_1_299' title='bbox 1032 3627 1160 3686; x_wconf 73' lang='lat' dir='ltr'><strong>athetasis</strong></span> <span class='ocrx_word' id='word_1_300' title='bbox 1188 3639 1230 3686; x_wconf 86' lang='lat' dir='ltr'><strong>est</strong></span> <span class='ocrx_word' id='word_1_301' title='bbox 1251 3634 1331 3686; x_wconf 87' lang='lat' dir='ltr'><strong>iuter·</strong></span> <span class='ocrx_word' id='word_1_302' title='bbox 1436 3651 1437 3692; x_wconf 73' lang='lat' dir='ltr'><strong>i</strong></span> 
     </span>
     <span class='ocr_line' id='line_1_35' title="bbox 268 3697 1437 3787; baseline 0.004 -21"><span class='ocrx_word' id='word_1_303' title='bbox 268 3717 383 3786; x_wconf 83' lang='lat' dir='ltr'><strong>prelum,</strong></span> <span class='ocrx_word' id='word_1_304' title='bbox 406 3713 433 3766; x_wconf 91' lang='lat' dir='ltr'><strong>iu</strong></span> <span class='ocrx_word' id='word_1_305' title='bbox 454 3718 563 3783; x_wconf 85' lang='lat' dir='ltr'><strong>utraque</strong></span> <span class='ocrx_word' id='word_1_306' title='bbox 585 3710 618 3765; x_wconf 85' lang='lat' dir='ltr'><strong>ad</strong></span> <span class='ocrx_word' id='word_1_307' title='bbox 638 3709 779 3780; x_wconf 86' lang='lat' dir='ltr'><strong>Didymum</strong></span> <span class='ocrx_word' id='word_1_308' title='bbox 801 3721 965 3786; x_wconf 83' lang='lat' dir='ltr'><strong>provocatur.</strong></span> <span class='ocrx_word' id='word_1_309' title='bbox 998 3710 1051 3768; x_wconf 84' lang='lat' dir='ltr'><strong>Seel</strong></span> <span class='ocrx_word' id='word_1_310' title='bbox 1074 3713 1136 3787; x_wconf 85' lang='lat' dir='ltr'><strong>quid</strong></span> <span class='ocrx_word' id='word_1_311' title='bbox 1156 3713 1259 3770; x_wconf 78' lang='lat' dir='ltr'><strong>tandem</strong></span> <span class='ocrx_word' id='word_1_312' title='bbox 1282 3717 1330 3770; x_wconf 90' lang='lat' dir='ltr'><strong>iru-</strong></span> <span class='ocrx_word' id='word_1_313' title='bbox 1436 3697 1437 3730; x_wconf 56' lang='lat' dir='ltr'><strong>l</strong></span> 
     </span>
     <span class='ocr_line' id='line_1_36' title="bbox 269 3794 1330 3869; baseline 0.004 -19"><span class='ocrx_word' id='word_1_314' title='bbox 269 3795 355 3868; x_wconf 84' lang='lat' dir='ltr'><strong>pedit,</strong></span> <span class='ocrx_word' id='word_1_315' title='bbox 395 3797 533 3869; x_wconf 89' lang='lat' dir='ltr'><strong>quominus</strong></span> <span class='ocrx_word' id='word_1_316' title='bbox 564 3794 672 3849; x_wconf 88' lang='lat' dir='ltr'><strong>alterum</strong></span> <span class='ocrx_word' id='word_1_317' title='bbox 707 3812 808 3868; x_wconf 90' lang='lat' dir='ltr'><strong>quoque</strong></span> <span class='ocrx_word' id='word_1_318' title='bbox 846 3795 975 3852; x_wconf 86' lang='lat' dir='ltr'><strong>scholium</strong></span> <span class='ocrx_word' id='word_1_319' title='bbox 1011 3795 1130 3868; x_wconf 25' lang='lat' dir='ltr'><strong>Didymo,</strong></span> <span class='ocrx_word' id='word_1_320' title='bbox 1163 3799 1330 3854; x_wconf 79' lang='lat' dir='ltr'><strong>tribuamusl</strong></span> 
     </span>
     <span class='ocr_line' id='line_1_37' title="bbox 268 3875 1332 3953; baseline 0.004 -21"><span class='ocrx_word' id='word_1_321' title='bbox 268 3875 364 3932; x_wconf 88' lang='lat' dir='ltr'><strong>Nonne</strong></span> <span class='ocrx_word' id='word_1_322' title='bbox 384 3875 515 3946; x_wconf 81' lang='lat' dir='ltr'><strong>Didymus</strong></span> <span class='ocrx_word' id='word_1_323' title='bbox 537 3887 644 3936; x_wconf 85' lang='lat' dir='ltr'><strong>notasse</strong></span> <span class='ocrx_word' id='word_1_324' title='bbox 667 3876 770 3950; x_wconf 81' lang='lat' dir='ltr'><strong>quidem</strong></span> <span class='ocrx_word' id='word_1_325' title='bbox 792 3885 893 3953; x_wconf 87' lang='lat' dir='ltr'><strong>potest,</strong></span> <span class='ocrx_word' id='word_1_326' title='bbox 920 3886 949 3934; x_wconf 90' lang='lat' dir='ltr'><strong>ut</strong></span> <span class='ocrx_word' id='word_1_327' title='bbox 978 3877 1012 3934; x_wconf 86' lang='lat' dir='ltr'><strong>ad</strong></span> <span class='ocrx_word' id='word_1_328' title='bbox 1033 3879 1096 3940; x_wconf 82' lang='lat' dir='ltr'><strong>Ant.</strong></span> <span class='ocrx_word' id='word_1_329' title='bbox 1116 3901 1143 3938; x_wconf 86' lang='lat' dir='ltr'><strong>v.</strong></span> <span class='ocrx_word' id='word_1_330' title='bbox 1166 3879 1237 3938; x_wconf 86' lang='lat' dir='ltr'><strong>laud.</strong></span> <span class='ocrx_word' id='word_1_331' title='bbox 1258 3881 1332 3950; x_wconf 87' lang='lat' dir='ltr'><strong>fecit,</strong></span> 
     </span>
     <span class='ocr_line' id='line_1_38' title="bbox 269 3959 1331 4039; baseline 0.007 -26"><span class='ocrx_word' id='word_1_332' title='bbox 269 3961 300 4013; x_wconf 83' lang='lat' dir='ltr'><strong>ab</strong></span> <span class='ocrx_word' id='word_1_333' title='bbox 315 3963 497 4035; x_wconf 85' lang='lat' dir='ltr'><strong>interpretibus</strong></span> <span class='ocrx_word' id='word_1_334' title='bbox 517 3964 597 4018; x_wconf 81' lang='lat' dir='ltr'><strong>verba</strong></span> <span class='ocrx_word' id='word_1_335' title='bbox 618 3961 666 4018; x_wconf 89' lang='lat' dir='ltr'><strong>illa</strong></span> <span class='ocrx_word' id='word_1_336' title='bbox 679 3959 802 4036; x_wconf 87' lang='lat' dir='ltr'><strong>Sophocli</strong></span> <span class='ocrx_word' id='word_1_337' title='bbox 823 3982 883 4020; x_wconf 90' lang='lat' dir='ltr'><strong>esse</strong></span> <span class='ocrx_word' id='word_1_338' title='bbox 901 3960 1055 4036; x_wconf 81' lang='lat' dir='ltr'><strong>abjudicata,</strong></span> <span class='ocrx_word' id='word_1_339' title='bbox 1076 3983 1153 4038; x_wconf 90' lang='lat' dir='ltr'><strong>quum</strong></span> <span class='ocrx_word' id='word_1_340' title='bbox 1172 3968 1229 4039; x_wconf 93' lang='lat' dir='ltr'><strong>ipse</strong></span> <span class='ocrx_word' id='word_1_341' title='bbox 1243 3971 1331 4020; x_wconf 87' lang='lat' dir='ltr'><strong>tauren</strong></span> 
     </span>
     <span class='ocr_line' id='line_1_39' title="bbox 269 4043 1331 4121; baseline 0.006 -23"><span class='ocrx_word' id='word_1_342' title='bbox 269 4043 371 4098; x_wconf 85' lang='lat' dir='ltr'><strong>obelum</strong></span> <span class='ocrx_word' id='word_1_343' title='bbox 393 4043 467 4099; x_wconf 90' lang='lat' dir='ltr'><strong>libris</strong></span> <span class='ocrx_word' id='word_1_344' title='bbox 488 4047 544 4100; x_wconf 86' lang='lat' dir='ltr'><strong>suis</strong></span> <span class='ocrx_word' id='word_1_345' title='bbox 566 4063 618 4102; x_wconf 90' lang='lat' dir='ltr'><strong>nou</strong></span> <span class='ocrx_word' id='word_1_346' title='bbox 641 4048 798 4121; x_wconf 82' lang='lat' dir='ltr'><strong>appingeret,</strong></span> <span class='ocrx_word' id='word_1_347' title='bbox 821 4049 947 4121; x_wconf 87' lang='lat' dir='ltr'><strong>appictum</strong></span> <span class='ocrx_word' id='word_1_348' title='bbox 971 4049 1027 4102; x_wconf 90' lang='lat' dir='ltr'><strong>sine</strong></span> <span class='ocrx_word' id='word_1_349' title='bbox 1049 4046 1127 4104; x_wconf 85' lang='lat' dir='ltr'><strong>dubio</strong></span> <span class='ocrx_word' id='word_1_350' title='bbox 1147 4047 1233 4106; x_wconf 77' lang='lat' dir='ltr'><strong>rehin</strong></span> <span class='ocrx_word' id='word_1_351' title='bbox 1256 4049 1331 4104; x_wconf 87' lang='lat' dir='ltr'><strong>libris</strong></span> 
     </span>
     <span class='ocr_line' id='line_1_40' title="bbox 270 4121 1332 4197; baseline 0.004 -13"><span class='ocrx_word' id='word_1_352' title='bbox 270 4125 420 4197; x_wconf 83' lang='lat' dir='ltr'><strong>aDidymo</strong></span> <span class='ocrx_word' id='word_1_353' title='bbox 442 4131 579 4186; x_wconf 85' lang='lat' dir='ltr'><strong>recensitis</strong></span> <span class='ocrx_word' id='word_1_354' title='bbox 601 4128 634 4186; x_wconf 85' lang='lat' dir='ltr'><strong>ad</strong></span> <span class='ocrx_word' id='word_1_355' title='bbox 650 4126 713 4188; x_wconf 83' lang='lat' dir='ltr'><strong>Aut.</strong></span> <span class='ocrx_word' id='word_1_356' title='bbox 727 4121 797 4188; x_wconf 58' lang='grc'><strong>(15.2</strong></span> <span class='ocrx_word' id='word_1_357' title='bbox 820 4129 856 4186; x_wconf 85' lang='lat' dir='ltr'><strong>Et</strong></span> <span class='ocrx_word' id='word_1_358' title='bbox 876 4127 937 4186; x_wconf 77' lang='lat' dir='ltr'><strong>inte</strong></span> <span class='ocrx_word' id='word_1_359' title='bbox 959 4135 1013 4187; x_wconf 90' lang='lat' dir='ltr'><strong>tum</strong></span> <span class='ocrx_word' id='word_1_360' title='bbox 1035 4135 1164 4189; x_wconf 86' lang='lat' dir='ltr'><strong>recentior</strong></span> <span class='ocrx_word' id='word_1_361' title='bbox 1186 4130 1332 4188; x_wconf 83' lang='lat' dir='ltr'><strong>scholiasta</strong></span> 
     </span>
    </p>
   </div>
   <div class='ocr_carea' id='block_1_4' title="bbox 0 0 1454 4754">
    <p class='ocr_par' dir='ltr' id='par_1_4' title="bbox 0 0 1454 4754">
     <span class='ocr_line' id='line_1_41' title="bbox 0 0 1454 4754; baseline 0 0"><span class='ocrx_word' id='word_1_362' title='bbox 0 0 1454 4754; x_wconf 95' lang='lat' dir='ltr'><strong> </strong></span> 
     </span>
    </p>
   </div>
  </div>
 </body>
</html>
