2898 4754
261 329 304 394 28

260 507 311 562 etsi
330 497 494 574 ¹Symmacho
523 519 576 559 non
610 499 725 569 laudato,
752 502 882 578 logenton
930 498 1026 577 Neque
1054 519 1182 578 unquam,
1213 506 1335 576 prranrris

236 589 344 645 'rnolta
364 589 522 662 improbans,
544 584 673 656 Didymus
695 586 767 642 illam
789 587 902 642 litteram
924 585 1028 664 adjecit.
1058 585 1150 662 ltaqnc
1170 591 1335 662 posteriores

260 677 415 748 interpretes
443 675 509 729 satis
537 669 695 738 habuerunt,
722 673 918 726 veterriuroruru
955 674 1033 747 signa
1054 673 1211 746 explanare,
1242 691 1332 728 eorum

259 774 366 813 mutuam
395 753 525 818 interdum
553 760 585 812 ne
611 755 790 830 intelligentes
818 753 921 832 quidem
931 753 975 828 *);
1006 755 1081 833 veeiut
1101 759 1147 811 rix
1163 765 1231 832 poto
1254 775 1335 830 quen·

258 859 338 914 quam
360 847 412 914 taur
434 844 549 915 ineptum
570 840 671 907 fuisse,
700 847 729 894 ut
762 839 885 899 tor-Pius
906 831 978 897 342.
991 832 1110 907 ἀὐθις
1132 833 1234 897 πάλιν
1257 848 1335 896 nota·

259 933 316 982 ret:
349 929 428 981 inrnro
452 941 475 1002 χ
502 927 537 980 ibi
563 929 670 998 propter
698 941 779 980 voces
808 915 847 981 τό
875 917 938 981 σόν
965 941 981 980 a
1003 927 1108 980 nomine
1130 922 1271 1002 πρᾶγμα
1295 925 1334 980 di·

259 1016 357 1066 retutas
378 1008 482 1065 videtur
509 1005 669 1082 adscriptum
698 1025 767 1066 esse.
811 1007 872 1064 Hoc
902 1011 985 1090 igitur
1014 1010 1129 1084 signum·
1145 1008 1180 1064 ad
1201 1011 1335 1084 principes

260 1097 367 1150 criticos
389 1111 439 1149 nos
474 1089 561 1158 ducit3
594 1099 811 1148 commemoratur
837 1099 923 1150 autern
947 1092 982 1148 ad
1004 1090 1066 1150 tot.
1088 1085 1140 1150 46.
1163 1086 1234 1150 766.
1258 1087 1334 1152 741.

258 1179 294 1234 t).
317 1176 376 1234 cot.
399 1169 450 1234 26.
471 1169 523 1234 43.
545 1169 617 1236 237.
639 1169 834 1236 67611494.
867 1168 958 1238 1746.
980 1174 1025 1254 Aj.
1047 1168 1120 1238 841.
1142 1169 1213 1235 962.
1238 1171 1333 1238 1236.

258 1259 330 1320 Phil.
353 1253 425 1320 261.
447 1251 519 1318 642.
540 1253 613 1321 417.
635 1259 733 1320 Trach.
755 1253 829 1320 462.
1086 1334 1088 1340 1

259 1381 262 1388 -
345 1345 399 1401 Sed
417 1346 473 1422 jam
496 1352 581 1401 cetera
601 1342 748 1402 Aristarchi
770 1362 910 1421 sequamur
929 1349 1054 1422 vestigia.
1099 1343 1151 1408 Qui
1176 1362 1254 1420 qurum
1277 1365 1333 1404 me·

258 1437 300 1486 tra
321 1427 506 1504 Aristophanis
529 1432 726 1498 constituisset,
759 1429 810 1501 (cl.
845 1429 930 1490 schol.
964 1449 1024 1506 sqq.
1051 1423 1129 1490 669.
1163 1423 1242 1506 (62.)
1272 1449 1332 1490 rau.

257 1508 330 1572 356.
354 1507 433 1588 (67.)
458 1504 548 1588 374.)
574 1514 689 1570 fortasse
715 1517 743 1570 in
771 1517 848 1570 unico
880 1513 961 1588 Soph.
991 1517 1070 1583 loco,
1094 1515 1136 1570 uiri
1161 1513 1193 1572 dc
1215 1519 1334 1573 nutrieris

256 1603 358 1675 -ogitrrr,
381 1597 452 1660 Phil.
473 1591 563 1667 839„
591 1601 706 1654 monuit:
728 1593 838 1656 ταῦτα
864 1585 902 1655 δι’
920 1586 1015 1658 ἐπῶν.
1060 1597 1222 1674 (luaruquam
1245 1594 1331 1669 Didy-

258 1703 318 1740 runs
352 1701 454 1758 quoque
477 1701 601 1740 nurneros
628 1681 735 1740 videtur.
758 1687 918 1758 respexisse.
969 1681 1012 1742 Cf.
1041 1682 1126 1740 schol.
1155 1679 1213 1744 rani
1237 1677 1331 1743 Hll7.

257 1763 344 1842 (21.)
383 1766 436 1823 Sed
453 1773 515 1824 utut
542 1765 594 1824 hoo
621 1775 676 1835 est,
706 1787 741 1824 ex
761 1767 885 1836 scholiis,
917 1785 982 1842 quiae
1008 1767 1169 1843 Stoecherus
1195 1787 1220 1844 p.
1250 1761 1280 1826 7.
1304 1778 1332 1824 et
1415 1763 1420 1770 ’

258 1851 399 1910 Rislrtorus
420 1872 446 1927 p.
469 1845 519 1912 75.
540 1859 568 1910 et
589 1845 639 1914 76.
662 1852 738 1910 docte
760 1859 972 1928 composuerunt,
994 1871 1053 1908 euru
1075 1856 1330 1927 apparetpoetanrnr

257 1941 421 1992 scenicorum
434 1944 461 1991 et
475 1939 621 1993 sententias
643 1944 672 1992 et
691 1937 796 2006 mythos
814 1945 891 1992 etres
907 1943 1123 1992 commemoratas
1138 1937 1330 2009 explicavissffi

257 2019 327 2082 ¹adde
361 2017 445 2076 schol.
474 2015 610 2092 Aristoph.
638 2037 695 2075 ran.
723 2011 817 2075 1168.
850 2005 1200 2094 (76.)’1264.1(1361.)
1237 2011 1330 2076 1466.
1437 2046 1442 2059 ·

257 2095 338 2176 (tto.)
365 2097 434 2174 qu.
456 2093 528 2159 765.
558 2095 641 2175 (52.)
669 2093 761 2158 1289.
784 2094 866 2174 (76.)
891 2117 948 2174 pac.
976 2093 1067 2157 1268.
1111 2099 1181 2156 Tum
1210 2105 1330 2159 criticam

256 2193 341 2242 antero
362 2203 415 2240 non
438 2185 523 2240 solum
545 2187 574 2238 iu
596 2179 712 2240 Homero
735 2183 880 2252 factitavit3
910 2183 982 2238 reiut
1005 2175 1133 2240 ἀθετεῖ
1153 2203 1209 2240 rao.
1226 2177 1329 2261 11475.

223 2269 224 2276 '
255 2263 341 2341 185.)
364 2297 402 2312 ·-
424 2261 475 2326 80.
498 2261 580 2342 (90.)
601 2275 628 2322 et
649 2282 817 2342 personarum
841 2265 1049 2324 distributionem
1071 2267 1220 2324 mutandam
1238 2278 1330 2328 conset

256 2351 369 2413 ibidjv.
390 2345 473 2420 374,
494 2360 528 2408 ct
542 2347 911 2429 Aristophanis‘gramnrati'ci
934 2353 1109 2427 conjecturam
1136 2342 1251 2428 Κῷος,
1273 2370 1329 2411 non

256 2437 379 2494 traditam
402 2437 539 2493 lectionem
565 2427 662 2508 Κίος,
683 2439 867 2512 intorpretatur
887 2433 959 2496 ibid:
972 2427 1194 2510 997-(1001.)
1236 2437 1330 2512 ltaque

162 2541 169 2558 ε
256 2521 423 2598 hioqnorpuc
439 2526 535 2597 'politas
558 2524 678 2578 scenicos
700 2523 794 2596 quavis
825 2523 926 2576 ratione
958 2523 1095 2588 tractarit,
1127 2527 1154 2576 et
1185 2523 1212 2576 in
1234 2523 1328 2579 multis

257 2606 398 2682 Sophoclis
420 2605 698 2662 scholiisetiamnunc
719 2607 800 2662 latero
821 2613 920 2680 potest.
1306 2629 1310 2636 ¹

342 2689 396 2746 Sed
428 2707 486 2744 eum
518 2705 572 2744 non
603 2687 688 2744 modo
704 2691 816 2744 exscribi
838 2692 970 2763 potuisse,
998 2687 1047 2746 sed
1068 2691 1145 2744 odam
1167 2692 1329 2764 exscriptmtt

258 2791 318 2830 osse
337 2774 392 2848 jam
413 2771 553 2828 Richtcnrs
574 2791 600 2844 p.
621 2766 678 2832 75.·
695 2791 729 2827 ex
757 2771 892 2844 Hesychia
914 2773 1037 2848 collegit,
1067 2776 1111 2846 qui
1132 2771 1183 2830 hoc
1205 2772 1279 2830 affert
1293 2793 1326 2832 s.

257 2877 284 2916 v.
313 2847 529 2913 Λοκοκτόνον
555 2849 655 2911 droht
682 2847 771 2934 Σοφ.
803 2844 988 2932 Ἠλέκιρςι.
1020 2847 1235 2935 Ἀρίσταρχος
1269 2850 1328 2913 duni

252 2932 298 2998 ού
321 2930 380 2996 τὸν
401 2932 488 2995 θεὸν
510 2929 627 3012 νόμιον
647 2919 741 3002 εἶναι,
764 2935 822 2995 καὶ
846 2931 909 3010 τήν
930 2933 998 2996 τοῖν
1013 2933 1242 3016 βοσκημάτων
1262 2955 1327 3020 φο·

259 3013 369 3094 tonso
395 3015 600 3097 ποιούμενον
628 3011 688 3080 cdv
712 3012 904 3080 Ἀπόλλωνα
931 3014 1083 3102 ἀναιρεῖν
1103 3017 1184 3093 τούς
1202 3017 1327 3092 λύκους.

255 3101 330 3164 ’ἔστι
352 3097 416 3184 γάρ
439 3095 458 3162 ὁ
481 3097 578 3174 λύκος
600 3099 689 3181 ἱερὸν
704 3097 914 3174 Ἀπόλλωνος.
962 3107 1021 3164 lom
1055 3109 1145 3164 confer
1167 3107 1250 3169 schol.
1280 3109 1325 3169 ΕΙ.

259 3213 282 3253 r,
305 3185 350 3250 6.:
373 3180 593 3266 Λνκοκνόνον
619 3185 655 3246 δὲ
686 3183 748 3248 τὸν
770 3182 962 3250 Ἀπόλλωνα
994 3186 1106 3268 οἱμὲν
1132 3185 1189 3248 ore
1210 3187 1249 3250 od
1269 3185 1327 3252 νό-

256 3291 334 3353 μιον
354 3269 441 3334 εἰναι
475 3267 552 3340 τούς
579 3267 777 3350 ἐπιβούλους
796 3265 907 3334 aoros
929 3267 1092 3356 φονεύειν.
1115 3271 1166 3335 διό
1189 3273 1248 3333 καὶ
1270 3267 1326 3334 λύε

258 3372 433 3428 κους....’.
468 3353 501 3417 ol
526 3351 569 3417 xdd
600 3351 658 3417 dccl
688 3352 725 3417 τὸ
749 3351 837 3438 ἱερὸν
858 3340 943 3416 εἶναι
964 3352 1004 3418 τό
1028 3353 1120 3432 ζῶον.
1164 3359 1325 3417 Haec·adeo

209 3437 213 3460 l
258 3448 411 3510 concinunt,
440 3450 469 3498 ut
502 3441 651 3511 Hesychius
688 3445 795 3502 alteram
833 3459 934 3519 quoque
970 3449 1225 3520 interpretationem,
1259 3463 1326 3518 qrrae

239 3525 401 3584 'Aristarchi
423 3545 475 3582 non
498 3533 553 3594 cst,
582 3525 701 3602 adjiciat,
734 3531 784 3584 etsi
806 3547 939 3604 perperam
961 3519 1028 3608 γάρ
1050 3529 1219 3597 adscribens,
1249 3533 1326 3602 qnasi

227 3633 233 3654 ι
256 3622 365 3686 πίνοιμεν
395 3610 535 3685 explicatio
563 3613 599 3666 sit
625 3609 725 3668 eadem.
769 3601 864 3686 dperte
892 3616 973 3689 igitur
1007 3621 1034 3668 et
1059 3611 1204 3670 scholiasta
1232 3620 1326 3670 noster

257 3701 314 3753 siro
337 3694 496 3753 scholiorum
519 3697 675 3769 epitoroator
696 3702 723 3750 et
744 3693 892 3764 Hesychius
910 3696 1000 3752 eodem
1023 3715 1057 3753 ex
1077 3698 1150 3754 fonte
1171 3697 1326 3766 harrsernnt,

169 3800 175 3822 ·
257 3799 335 3854 rpuore
357 3778 520 3837 nondubr'to
543 3779 616 3834 illurn
639 3797 672 3834 ex
694 3777 772 3855 hujus
794 3780 879 3836 lexico
902 3782 1040 3858 complere,
1063 3799 1141 3855 quom
1164 3781 1325 3839 scholiastae

256 3883 400 3937 pronomen
421 3852 529 3922 οὔτῶν
550 3863 678 3920 relatione
700 3867 769 3920 omni
792 3862 944 3921 destitutum
966 3866 1085 3940 lacunam
1108 3867 1217 3923 subesse
1236 3873 1324 3922 osten·

257 3947 312 4004 dut.
355 3947 447 4006 Scribo
468 3949 562 4023 igitur:
584 3942 618 4004 οἱ
638 3943 698 4024 μὲν
719 3938 778 4008 oroi
798 3941 838 4006 τύ
861 3939 976 4025 νόμιον
997 3941 1084 4008 εἰναι
1107 3944 1166 4008 καὶ
1180 3941 1242 4021 τὴν
1260 3945 1325 4012 τῶν

162 4042 170 4048 ·
256 4029 349 4110 βοοκ.
370 4024 449 4112 pot.
479 4021 679 4109 ποιούμενον
704 4023 783 4101 τούς
810 4023 1011 4109 ἐπιβούλους·
1030 4025 1139 4096 αὐτῶν
1160 4021 1325 4118 peredere,

327 4209 353 4278 ⁸)
372 4213 404 4264 Cl.
424 4211 504 4264 lichno.
524 4225 549 4274 p,
568 4213 607 4264 tt.
