2898 4754
336 1347 574 1450 PARS
604 1351 918 1450 Plslols

151 1567 242 1644 DE·
260 1567 591 1650 SGHOLIORUM
633 1571 1106 1654 LAURENTIANORUM

401 1723 405 1732 ι
437 1674 818 1752 AUCTORITATE.

529 1895 731 1910 m

253 2032 256 2038 ’
383 2063 590 2137 cum·
608 2051 875 2141 eumuna

148 2229 413 2314 conuuueus
434 2232 720 2302 scuouonuu
739 2235 976 2306 nucuouus
996 2235 1112 2306 ussa

92 2399 235 2498 scholis
256 2437 411 2516 Sophoclis,
442 2459 508 2516 quae
529 2443 577 2498 ulii
597 2461 633 2499 ex
653 2442 743 2500 codice
771 2464 820 2502 suo
841 2443 1025 2503 Laurentiano
1044 2442 1162 2500 Lauren·

91 2529 182 2593 tiana,
205 2525 251 2580 alii
272 2533 363 2580 vetera
383 2527 441 2582 si've
462 2523 583 2581 Romana
603 2527 751 2600 appellant,
773 2545 827 2582 nou
848 2529 880 2582 ab
901 2545 956 2583 uuo
977 2534 1084 2590 auctore
1104 2546 1163 2600 pro·

49 2629 53 2640 ·
91 2611 167 2666 tecla
187 2617 259 2667 suut.
304 2605 384 2670 Quod
406 2626 484 2681 quum
513 2627 529 2662 e
556 2609 637 2663 simili
665 2616 810 2664 ceterarum
830 2616 949 2664 veterum
969 2611 1164 2684 interpretatio·

92 2713 156 2750 num
179 2691 333 2748 condicione
355 2693 413 2767 janu
439 2689 561 2748 concludi
581 2693 683 2766 possit,
712 2700 768 2748 tuni
796 2709 831 2748 ex
857 2695 892 2749 iis
921 2695 1003 2768 ipsis,
1034 2709 1100 2766 quse
1120 2690 1165 2750 hic

93 2785 247 2842 muamus,
269 2775 349 2832 facile
371 2777 567 2850 cognoscimus.
611 2773 678 2832 Tria
699 2779 768 2834 euim
789 2779 907 2852 insignis
926 2775 1006 2854 hujus
1026 2779 1065 2832 nei
1086 2778 1163 2834 nobis

93 2869 158 2918 suut
179 2859 291 2916 indicis:
312 2862 421 2934 primum
445 2868 533 2926 uotae,
554 2861 622 2934 ipsis
644 2862 859 2916 annotationibus
880 2858 994 2928 additae,
1016 2868 1071 2916 lum
1094 2861 1163 2936 ejus·

93 2945 156 3002 (lem
178 2945 362 3019 explicationis
384 2940 476 2998 eodem
497 2946 526 2998 in
548 2944 607 2998 loco
628 2945 767 3018 repetitio,
796 2943 910 3018 lenique
937 2945 1017 3020 plane
1043 2941 1164 3001 diversae

94 3039 142 3086 aut
170 3029 297 3084 lectiones
325 3033 372 3082 sut
398 3026 587 3101 explioelioues
615 3025 707 3084 eoelenu
735 3028 797 3084 loco
824 3036 870 3084 aut
896 3031 935 3084 ita
960 3028 1163 3106 conglutinatae,

92 3117 173 3188 qussi
194 3110 230 3168 sl
249 3109 319 3167 ileu
339 3108 467 3180 minent,
489 3118 535 3167 aut
556 3113 616 3168 siue
637 3112 823 3190 conjunctione
844 3115 1016 3189 compositae.

579 3310 619 3388 e.
641 3307 672 3374 1.

181 3463 299 3525 Primum
320 3463 403 3540 igitur
423 3460 499 3518 ille
490 3479 564 3538 ipse,
589 3464 633 3536 qui
654 3413 757 3518 scholia
777 3463 855 3520 nolis
875 3459 1000 3532 tradidit,
1030 3467 1165 3522 auctorum

93 3549 279 3606 diversitatem
300 3549 376 3603 uobis
375 3546 572 3642 significavit
577 3553 622 3601 aut
644 3543 742 3603 additis
762 3547 922 3604 solemnibus
934 3545 1013 3624 hujus
1034 3551 1073 3604 rei
1094 3551 1166 3605 notis

92 3624 227 3704 ἄλλως,
264 3619 312 3699 εἰς
343 3622 384 3687 to*
410 3619 518 3696 αὐτό,
545 3615 572 3700 ἢ
591 3613 716 3704 οὕτως,
745 3639 792 3688 aut
818 3633 940 3688 lemmate
960 3633 1081 3708 repetito.
1122 3629 1166 3688 De
1218 3645 1221 3658 ·

93 3719 155 3774 illis
177 3734 243 3792 opus
273 3733 327 3771 nou
353 3721 396 3770 est
423 3720 454 3769 ut
481 3714 561 3769 verba
589 3713 732 3782 iaciamus3
761 3715 858 3773 lemma
878 3721 963 3772 autem
967 3717 1111 3808 repetitur
1131 3712 1167 3771 nil

93 3803 187 3877 plures
209 3797 327 3856 eusdem
348 3797 402 3853 loci
422 3797 611 3871 explicationes
633 3797 667 3853 ad
689 3797 828 3857 Traeis
828 3792 934 3859 .l332.
955 3811 982 3852 ω
967 3774 1167 3892 ναύλοχα,

93 3905 123 3944 v.
151 3817 243 3942 1656.
264 3871 383 3961 Λόγχη
405 3872 541 3948 πεδιάς,
561 3877 605 3955 Aj.
619 3874 691 3941 360.
705 3875 891 3958 ποιμένων,
903 3871 1003 3949 Ἥξει
1023 3871 1083 3935 καὶ
1103 3895 1168 3938 πο-

96 3957 228 4034 λύπους
255 3964 291 4022 ad
311 3963 356 4025 El.
338 3897 466 4030 κηηῶθ
493 3956 624 4058 α’νὲχει
629 3963 664 4019 al
689 3961 734 4040 Aj.
755 3959 843 4031 211,
872 3961 943 4038 quod
968 3963 1074 4020 vertum
1095 3967 1168 4040 prior

94 4037 370 4143 ἰιιῐειρηερειῖχει,
382 4051 515 4124 posterior
534 4067 581 4123 per
599 4035 731 4128 α’νυψοῖ
746 4047 892 4142 explicat.
912 4046 1093 4105 SimiliterEl.
1114 4039 1168 4108 87.

96 4121 275 4210 πληγαὶ’
250 4123 405 4210 antipae
425 4151 483 4188 cum
503 4132 634 4188 lemmatis
648 4120 961 4209 πληγάςάντὴρεις
974 4119 1168 4208 etatemque

97 4217 206 4274 diverso
236 4215 314 4274 uodo
343 4216 525 4292 explanantur.
576 4213 636 4274 Huc
661 4235 694 4274 es
714 4233 818 4293 quoque
842 4217 968 4278 leunests
986 4215 1071 4282 reio,
1099 4229 1167 4288 quse

945 4305 964 4375 1
