2874 4758
77 496 212 571 Μανιὶς
241 494 260 560 ὁ
288 497 371 580 περὶ
406 495 582 582 nepotem
612 495 758 584 ιιὸλεμος
787 495 937 576 ἐξέλυσεν
968 499 1058 586 ἡμᾶς
1086 507 1144 584 τῆς

75 577 183 654 tiriae.
225 585 301 642 Haec
329 584 488 655 scholiorum
516 585 565 643 sen
589 585 687 645 Wund.
715 591 879 665 participium
908 599 1055 668 corruptum
1078 613 1139 652 esse

73 669 222 740 contendit,
245 674 308 746 quia
328 667 419 737 Mars,
441 669 510 727 bello
528 671 585 745 jam
606 671 690 742 finito,
712 675 864 748 suscepisse
884 673 999 732 furorem
1021 676 1072 736 clici
1085 695 1136 734 uon

72 757 170 828 possit.
212 753 249 811 m
280 771 358 832 quum
379 754 448 814 Van.
468 751 530 832 (qui
550 773 594 830 ap.
615 755 708 816 Herm.
730 757 870 820 Parisinus
890 754 978 835 audit)
999 748 1136 842 οἶστρον·

73 826 155 905 θείς
174 835 289 906 haberet,
312 856 388 913 quam
409 835 549 894 lectionem
566 839 623 914 jam
645 837 794 917 Stephanus
812 850 1009 911 commemorat,
1030 841 1135 920 Musgr.
1171 827 1173 838 ’

69 906 114 979 αὖ
141 915 306 1000 expertium
334 919 463 997 conjecit,
494 919 588 978 Herm.
614 940 677 980 vero
705 943 787 1000 nuper
816 932 886 982 teate,
912 923 1050 983 Wundcro
1075 941 1135 984 κα-

67 995 237 1082 στρωθυίς
262 1007 408 1082 proposuit.
451 1002 489 1062 tt
507 1005 617 1064 ‚formae
644 1001 855 1087 καστορνῦσα
885 1015 913 1066 et
940 999 1136 1092 κάστρωμα,

67 1088 102 1144 ad
126 1107 192 1164 quas
215 1087 307 1147 Herm.
328 1107 378 1146 nos
401 1096 543 1159 monstret,
565 1109 581 1146 a
601 1093 709 1167 tragicis
730 1109 832 1167 percu
852 1101 1018 1170 usurpantur,
1040 1111 1131 1169 neque,

65 1175 97 1230 ab
121 1176 157 1229 iis
179 1176 302 1249 usurpari
323 1191 370 1230 eas
391 1175 527 1248 potuisse,
549 1189 583 1231 ex
604 1177 689 1232 muna
710 1170 905 1238 actuosam·
925 1174 1132 1235 concludentium

64 1265 116 1312 est.
162 1256 233 1314 Tum
261 1243 461 1336 υἰρτρηθιίς
482 1264 535 1314 tam
557 1263 717 1336 capu-:eitum
737 1267 781 1321 cst
801 1256 834 1318 ac*
853 1263 1000 1336 poeticum,
1031 1269 1062 1317 nt
1085 1264 1129 1319 vix

51 1358 78 1414 ¹e
106 1343 277 1416 corruptione
308 1342 455 1416 profectum
485 1358 548 1398 esse
574 1347 670 1419 possit.
711 1344 749 1402 Et
774 1363 808 1402 ne
829 1343 1000 1404 offensionem
1023 1343 1129 1419 quidem

60 1421 152 1482 habet.
193 1422 264 1482 Nam
293 1443 372 1500 quum
401 1433 463 1501 post
492 1426 589 1484 neuun
616 1427 715 1498 Euryto
742 1427 845 1486 illatum
872 1428 982 1504 Herculi
1011 1431 1127 1502 requiem

60 1509 119 1564 fore
143 1505 207 1566 deus
228 1511 385 1577 cecinisset,
414 1512 510 1583 optime
531 1509 584 1565 clici
605 1517 721 1586 poterat,
746 1509 898 1568 bellumue
921 1508 1126 1586 qnodesmsis·

59 1597 114 1659 set,
148 1594 265 1666 requiem
284 1592 358 1650 illam
380 1592 503 1647 attulisse
511 1585 550 1666 *).
590 1590 693 1668 Nempe
714 1597 740 1650 si
761 1611 815 1650 non
835 1597 996 1661 exaruisset,
1023 1601 1127 1668 tempus

57 1675 169 1730 orauarlo
191 1673 352 1730 destinatum
373 1691 428 1732 nou
448 1680 522 1730 esset
542 1675 686 1749 expletum.
712 1675 755 1732 De
775 1673 863 1732 Marte
884 1677 980 1734 bellum
995 1677 1125 1744 solvente,

57 1775 114 1814 non
143 1757 231 1814 sulum
252 1759 394 1824 incitante,
416 1757 482 1814 bene
502 1755 639 1819 Grauerus
660 1757 694 1815 tle
714 1759 800 1835 ligura
818 1766 961 1834 personata
981 1761 1009 1814 in
1030 1757 1125 1814 Zimm.

54 1859 122 1896 ann.
153 1837 218 1914 phil.
247 1857 273 1894 a.
302 1832 394 1898 184².
419 1857 447 1916 p.
474 1832 517 1899 23
542 1840 674 1914 loquitur,
702 1861 729 1920 p.
754 1835 897 1901 22-33
926 1839 1003 1898 docte
1020 1839 1127 1898 similes

54 1923 212 1982 locutiones
232 1927 359 1980 tractans.

119 2037 208 2094 Porro
230 2025 353 2107 ἔξὲλυθ
373 2056 390 2093 a
410 2035 550 2096 Wundero
569 2042 645 2096 metri
667 2057 747 2096 causa
757 2045 885 2099 mutatur:
907 2021 1136 2116 atantistroplrue

56 2130 82 2178 et
103 2126 218 2178 metrum
239 2128 267 2177 et
288 2119 366 2178 lectio
388 2129 432 2180 ast
451 2125 636 2180 incertissima.
666 2121 709 2180 Cf.
731 2120 765 2180 tle
786 2121 829 2182 his
851 2129 879 2182 et
899 2123 960 2180 aliis
982 2123 1016 2181 ll.
1034 2119 1122 2200 capi

56 2213 81 2263 et
103 2223 163 2282 cap.
185 2195 206 2264 7
228 2197 257 2282 ᾗ
276 2198 309 2262 2.

116 2313 192 2381 719.
233 2307 343 2378 καίτοι
363 2310 541 2388 δέδοκται,
561 2315 675 2389 ιιεῖυος
697 2309 729 2379 εὶ
750 2312 975 2402 apolicetur,
1046 2353 1071 2377 ι,

233 2394 341 2486 ταύτῃ
362 2395 425 2462 cale
447 2395 549 2484 ὁρμῇ
573 2397 668 2482 accipi
681 2398 871 2462 συνθανεῖν
890 2393 974 2484 ἅμα.
1069 2433 1071 2439 ·

58 2522 95 2578 lta
123 2519 193 2596 plur.
220 2518 283 2577 libri
314 2526 342 2576 et
371 2517 456 2576 schol.
479 2521 523 2594 qui
545 2528 657 2576 ceterum
679 2519 765 2594 inepte
787 2525 912 2579 annotatt
944 2508 1050 2602 τούτῳ
1074 2515 1118 2602 cp*

57 2594 188 2686 τρόπῳ,
215 2593 384 2662 τουτέστιν
411 2594 471 2661 oce
499 2597 559 2662 τοῦ
584 2595 717 2660 πέπλου.
758 2601 790 2658 In
811 2601 933 2662 lemmate
954 2620 1017 2658 vero
1039 2608 1118 2662 utin

58 2686 106 2744 La.
135 2705 191 2748 sec.
214 2683 277 2744 Par.
299 2705 324 2742 a.
346 2683 423 2742 Harl.
445 2675 525 2765 ὁρμῇ
543 2685 650 2764 legitur.
692 2683 763 2742 lllutl
784 2681 820 2741 ah'
838 2683 929 2741 Herm.
951 2685 1062 2761 aliisque
1084 2707 1117 2745 ea

58 2773 278 2847 interpunctione,
309 2787 361 2844 qua
380 2769 425 2824 usi
445 2787 552 2836 sumus,
581 2773 713 2824 servatum
735 2773 791 2835 est;
818 2773 896 2825 vetus
917 2771 1059 2844 interpres,
1085 2780 1117 2828 ut
1156 2783 1161 2790 “

55 2855 107 2930 jam
128 2853 231 2912 Wund.
252 2851 332 2920 vidit,
353 2851 428 2929 falso
445 2854 555 2909 incimm
578 2870 631 2908 non
651 2859 714 2926 pest
732 2847 856 2930 σφαλ.,
877 2850 927 2910 scd
946 2861 1009 2928 post
1030 2846 1115 2949 ὁρμῇ

61 2941 154 3016 posuit.
189 2934 244 2994 Setl
264 2956 312 3012 pro
333 2932 386 2994 hoo
405 2933 642 2994 vocabuloWund.
664 2925 768 3020 α’κμῇ
789 2937 904 3013 conjicit,
925 2939 987 3014 quia
1008 2953 1117 3021 ταυτῃ

59 3013 117 3079 cio
138 3013 224 3103 ὁρμῇ
243 3021 393 3078 necessario
415 3037 474 3077 cum
496 3021 670 3078 anterioribus
687 3018 851 3096 jungendum
871 3023 921 3089 sit3
935 3047 978 3060 -·-
999 3027 1027 3076 at
1048 3040 1116 3096 quae

60 3106 107 3160 ista
139 3101 182 3162 esi
216 3103 382 3164 necessumst
442 3099 515 3167 uuit
545 3101 651 3162 tandem
679 3122 729 3162 nos
759 3105 848 3180 oogitt
876 3130 920 3144 -
952 3103 1023 3159 Tum
1052 3107 1115 3178 quia

60 3186 179 3246 Herculis
206 3206 278 3246 mors
306 3206 360 3246 non
385 3193 478 3264 posset
505 3193 616 3246 conatus
643 3187 783 3258 nominari.
824 3185 931 3246 Scilicet
961 3203 1033 3244 mors
1062 3203 1115 3243 non

61 3263 160 3344 potest,
183 3269 234 3330 sed
261 3269 357 3331 caedes
385 3270 549 3348 aDejanira
576 3272 627 3326 etsi
647 3271 731 3326 invita
751 3269 845 3324 marito
866 3267 977 3332 inlicta,
1005 3263 1056 3322 seu
1075 3270 1113 3328 in·

61 3363 156 3431 ceptum
176 3348 247 3414 iliud
267 3355 349 3414 fatale
370 3373 402 3412 ac
422 3353 585 3412 mortiferum
604 3350 729 3419 Herculi,
749 3349 795 3408 hic
815 3367 880 3408 sane
901 3355 944 3406 est
963 3355 1086 3408 conatus.

114 3463 187 3532 ele.
224 3462 357 3550 θέμις
386 3459 441 3540 δ’,
461 3455 530 3527 imai
549 3481 607 3548 μοι
627 3458 691 3539 τήν
707 3457 838 3544 θέμιν
860 3455 903 3526 σὸ
923 3454 1116 3545 ιιροὸβαλες

61 3587 150 3658 Hyllus
171 3589 250 3651 matri
272 3587 346 3658 dicit,
365 3583 487 3662 idemque
509 3583 656 3642 scholiasta
676 3584 803 3660 explicat:
825 3573 895 3641 ἕπεὸ
915 3573 1116 3663 σύπροτὲρα

63 3665 117 3744 τήν
138 3665 245 3752 θέμιν
260 3708 364 3730 ......
392 3667 495 3728 Wund.
517 3672 576 3744 qui,
601 3667 671 3726 huno
692 3688 794 3744 quoque
814 3687 920 3724 versum
940 3668 1038 3727 frustra
1059 3674 1114 3724 ten·

62 3763 124 3826 tans,
144 3777 190 3834 pro
213 3747 320 3834 θέμιν
341 3755 452 3832 conjecit
474 3741 491 3810 ἕ
498 3766 572 3832 ριν,
592 3749 644 3810 hoc
664 3747 717 3810 non
737 3753 847 3824 lecisset
854 3795 862 3822 ‚
886 3753 991 3828 opinor,
1013 3754 1038 3807 si
1060 3770 1115 3808 ver-

63 3841 114 3896 bum
145 3831 330 3922 προῦβαλες
359 3841 443 3918 prima
475 3844 502 3894 et
533 3837 636 3916 propria
664 3835 872 3914 significatione:
904 3854 950 3891 vsu·
975 3830 1116 3911 jenantes

65 3992 256 4008 Ἤ

100 4101 102 4106 ’
124 4107 144 4160 ’)
165 4103 330 4153 Billerbcciius
348 4112 451 4153 enarrat:
469 4104 569 4164 quamvis
586 4101 647 4149 liora
665 4102 766 4160 luceret,
782 4099 866 4148 hellam
885 4109 958 4150 tamen
975 4103 1003 4150 so
1022 4118 1048 4148 cu
1067 4102 1118 4150 liui-

68 4179 106 4218 tun
122 4187 180 4222 nnuc
197 4182 242 4222 ast.
276 4175 306 4221 At
319 4181 364 4222 tun
382 4171 481 4240 καίπερ
499 4173 579 4220 ncesse
597 4171 635 4219 vis
653 4176 751 4232 poterat.
