2898 4754
264 452 450 545 Ἅγήρῳδὲ
466 451 589 557 χρόνῳ
597 453 766 530 δυνάστας

270 521 429 648 Κατέχιις
449 521 615 646 Ὀλύμπου
634 535 898 643 μαρμαρόεσσαν
920 541 1051 625 αἴγλαν

206 680 209 690 ,
275 621 414 689 Τόι”
396 646 517 688 ιπιιια
541 623 661 688 καὶτὸ
680 625 805 708 μέλλον

268 708 341 770 Καὶ
329 707 401 772 ιιι)
419 707 538 812 πρὶν
523 708 703 810 ιπαρκέσιι
765 745 768 752 .

165 857 181 865 ,,
273 781 396 874 Νόμος
417 787 477 856 ὅδ’·
498 790 573 858 orias
568 784 710 893 νέρπιι

269 873 406 940 Θναιῶν
425 872 531 963 βιότῳ
553 860 761 956 πόμπολις’
745 870 839 950 ικιός
859 871 953 976 ότμς.

111 965 161 1026 Ad
183 985 261 1062 quos
270 967 369 1040 primus
391 974 513 1024 ιιιιεοιιι
542 939 686 1038 Οὐδεὶς,1
703 983 777 1060 φ,
779 957 853 1025 ἔστι
876 957 975 1061 νόμος
1002 957 1038 1024 ἒν
1056 957 1185 1060 πάσαις

112 1045 195 1117 ταῖς
219 1039 417 1126 πόλισιν,
401 1035 503 1110 eicco
528 1041 695 1130 φεύγειν
723 1039 798 1117 rotie
819 1035 1020 1126 ἀνθρώπους
1042 1040 1080 1106 ιδ
1103 1066 1186 1148 ρυμ

112 1127 321 1227 βησόμινον
359 1132 495 1231 Sequitur
523 1133 654 1192 secundus
685 1135 734 1188 illa
761 1133 920 1190 diuersitatis
947 1142 1013 1190 uota
1036 1120 1061 1203 ἢ
1082 1123 1186 1203 οὕτως
1230 1175 1240 1182 -

112 1218 251 1294 praefixe:
274 1205 420 1284 oiiaeie’
405 1231 475 1275 ισιι
496 1208 614 1292 νόμος,
642 1205 685 1284 ὃς
706 1207 887 1274 δύναται
908 1214 973 1275 τῶν
994 1209 1060 1288 ἤδη
1083 1212 1186 1277 ιιλιι·

114 1295 281 1359 noiomo
309 1295 422 1358 κακῶν
455 1293 678 1378 προςοέγιιν
717 1291 895 1380 βοήθειαν.
938 1300 991 1358 His
1021 1301 1122 1358 duobus
1150 1306 1185 1358 si·

114 1385 184 1441 mile
206 1387 310 1440 tertium
334 1393 376 1440 ιιι
397 1383 534 1452 scholium,
558 1385 677 1458 quodie
699 1385 789 1442 codiee
810 1395 871 1442 aote
891 1389 1003 1460 primum
1024 1385 1185 1482 collqcatur:

103 1453 192 1526 ‘'O’
175 1481 285 1532 εστιν,
306 1457 360 1524 οιίλ
381 1427 562 1560 δυνάμενον
583 1461 739 1542 βοηθιίν
785 1467 911 1530 Quartum
934 1476 990 1526 est:
1018 1455 1184 1540 ἢοόιως

114 1543 136 1608 6
162 1543 205 1608 δὲ
191 1539 329 1627 ἐνόμος
351 1543 369 1608 6
392 1542 527 1611 πάντων
548 1548 612 1612 τῶν
632 1543 825 1630 ἀνθρώπων
849 1545 961 1619 κοινός
983 1547 1081 1618 τοῦτο
1104 1543 1187 1630 ἔχει,

111 1627 249 1711 μηδένα
278 1623 387 1704 ζὴν”
364 1649 443 1692 ανιν
470 1627 584 1705 λύπης.
627 1635 681 1692 Aut
708 1635 776 1692 idern
804 1645 848 1692 aut
876 1638 971 1710 aliquis
994 1653 1051 1692 οιιιιι
1073 1655 1104 1692 eo
1126 1655 1187 1692 eon·

112 1721 242 1776 sentiens
257 1719 283 1772 is
302 1715 405 1775 vitietur
417 1719 510 1786 luisse,
525 1724 568 1792 qui
580 1727 661 1776 toturn
684 1723 838 1780 sententiam
861 1724 966 1776 omnino
987 1723 1014 1774 in
1035 1722 1188 1774 uniuersum

110 1805 159 1857 ita
182 1801 319 1871 exposuit.
349 1791 505 1893 ὁλόγος·
536 1793 577 1856 66
592 1785 746 1892 μέν,
719 1822 744 1854 ιιι
773 1796 837 1856 Ζι”
801 1816 854 1894 υ,
891 1792 1039 1876 ἀγιιρως
1069 1795 1188 1858 τεκαὶ

112 1873 293 1950 δυνάστης
325 1879 380 1948 εἰς
397 1867 533 1952 ἅπαντα
561 1874 621 1939 τόν
640 1871 760 1976 χρόνον
781 1865 827 1938 ιῖ·
852 1879 898 1956 (de
919 1885 1033 1940 lectione
1053 1873 1188 1978 αγήρως
1290 1879 1294 1894 ’

113 1967 157 2024 oi
181 1955 446 2037 11.cap.ti.)‘n
456 1961 493 2024 δὲ
518 1961 583 2022 τῶν
609 1955 803 2042 ἀνθρώπων
839 1957 994 2023 πολιτεία
1022 1957 1186 2026 οὐδέποτε

13 2077 14 2082 =
111 2041 222 2142 χωρὶς
244 2041 357 2104 κακῶν
378 2040 477 2104 ἐστιν
522 2045 635 2144 (lqintus
658 2047 767 2142 denique
789 2048 870 2105 dixit:
900 2037 1048 2106 Οκατοὶ
1072 2045 1188 2108 πᾶσαν

116 2119 262 2190 πόλιν“
242 2145 377 2226 ιρπων
399 2121 520 2207 νόμος,
548 2115 568 2188 6
590 2123 659 2188 έοιι
687 2123 812 2202 πάντες
833 2123 1020 2212 ἄνθρωποι.
1062 2133 1098 2190 Ει
1120 2133 1189 2190 hreno

118 2206 259 2290 quiden
250 2203 359 2290 ι’ρπων
380 2215 479 2290 legisse
503 2221 684 2290 cognoverunt
711 2235 817 2284 omnes,
847 2215 909 2291 quid
936 2221 1031 2274 caeteri
1052 2217 1187 2283 haberent,

118 2318 156 2356 ne
179 2301 325 2372 quaesitum
348 2298 451 2371 quidem
473 2306 529 2355 est.
550 2294 666 2356 Wexius
689 2306 775 2356 auteur
801 2306 869 2357 satis
896 2299 1003 2370 habuit,
1031 2319 1120 2358 eorum
1142 2320 1187 2356 an·
1213 2296 1216 2308 ζ

118 2385 295 2440 notationem
306 2383 440 2445 contusam
463 2382 620 2456 appellasse.
663 2381 806 2440 Videamlrs
827 2387 933 2459 igitur
925 2387 986 2458 ipsi.

207 2464 245 2522 Et
266 2467 354 2525 statim
376 2464 480 2538 qultleuu
502 2473 638 2540 apparet,
651 2473 705 2520 tres
727 2471 829 2560 priores
850 2472 1007 2538 interpretes
1029 2467 1157 2540 legisso'
1149 2485 1188 2520 ιιι·

121 2548 251 2611 finitivum
282 2539 486 2642 ἐπαρκέσαι,
511 2567 569 2604 non
591 2547 690 2640 legisse
720 2537 794 2606 ὅδιε
828 2566 888 2602 nain
914 2549 1014 2620 primus
1043 2552 1082 2602 sic
1110 2549 1190 2604 rerba

124 2635 287 2688 construxit:
313 2621 423 2725 νόμος
440 2619 612 2698 πάμπολις
639 2618 782 2690 οὐδέν’
765 2645 876 2723 ερπιι,
905 2628 939 2705 (i.
960 2649 983 2686 ο.
1013 2633 1117 2686 minime
1146 2631 1191 2686 lex

123 2715 221 2814 incedit
238 2719 294 2770 sire
314 2725 363 2781 ιιι,
385 2703 468 2809 ομδιζ
446 2729 490 2778 ις
506 2705 578 2770 ’ἐστι
598 2704 703 2808 νόμος
725 2707 760 2770 έν
780 2705 906 2780 πάσαις
927 2710 1006 2781 ταῖς
1027 2703 1190 2807 aduentu)

124 2792 307 2892 ἐπαρκέσαι
329 2790 424 2874 ἐκιος
445 2785 529 2866 αἰας
551 2789 581 2872 (ι.
595 2816 618 2854 e
633 2784 716 2854 ὥστε
734 2788 872 2872 φεύγειν
886 2789 963 2865 wie
977 2787 1190 2874 ἅνθρώπους)

123 2871 214 2940 τότ’
237 2871 357 2940 ’έπιιια
389 2895 446 2938 και
474 2872 512 2936 τό
539 2873 666 2956 μέλλον
689 2876 745 2937 καὶ
776 2873 816 2939 ιδ
838 2879 922 2958 πρίν.
964 2879 1033 2937 Nam
1056 2880 1120 2937 haec
1141 2887 1192 2938 uio

125 2973 244 3042 tempora
271 2967 303 3020 ab
333 2984 364 3020 eo
398 2983 450 3019 uno
478 2967 556 3020 norbo
595 2957 637 3020 τὸ
669 2955 926 3062 συμβησόμενον
954 2965 1100 3062 significata
1130 2985 1202 3042 esse¹

126 3049 243 3105 ostendit
264 3065 357 3104 versus
379 3041 450 3106 fill.
473 3053 623 3105 annotatio.
652 3039 736 3104 Tei’
721 3039 879 3123 ισόμινον
909 3042 968 3104 καὶ
989 3063 1050 3124 μιι
1050 3038 1191 3104 ’έκεῖνο
1246 3087 1248 3093 ι

125 3125 251 3209 μέλλον
281 3125 340 3188 καὶ
368 3123 515 3188 πάλιν’
499 3124 669 3207 ισόμινον.
720 3132 825 3188 Scilicet
853 3135 904 3188 tria
933 3131 1038 3187 diversa
1064 3135 1189 3204 temporis

127 3219 267 3272 enunciata
288 3214 321 3270 ad
342 3215 455 3271 futurum
478 3222 581 3290 ternpus
603 3215 712 3272 rettulit.
756 3213 796 3270 Ab
818 3213 869 3272 lioo
890 3234 967 3290 porro
988 3218 1022 3280 is,
1045 3232 1119 3286 quern
1136 3222 1189 3268 ter-

126 3301 190 3354 tium
213 3301 419 3366 nominavimus,
448 3301 474 3353 in
502 3317 532 3353 eo
561 3299 647 3353 solum
670 3297 796 3364 discedit,
825 3297 896 3435 quod
916 3302 1092 3392 praeseptum,
1115 3315 1188 3370 prae·

126 3385 244 3450 teritum,
271 3383 383 3438 futuram
411 3386 521 3436 aetatem
551 3379 602 3434 dici
627 3381 767 3456 intelligit,
797 3384 847 3434 scri
850 3381 929 3436 lutens
955 3364 976 3436 6
1000 3371 1095 3436 ἔστιν
1121 3372 1188 3437 ciel

128 3451 313 3559 δυνάμενον
333 3458 490 3560 βοηθεῖν.
533 3461 618 3518 Siniti
641 3471 726 3518 autern
749 3466 961 3543 interpretatione
978 3462 1107 3520 secundus
1126 3483 1191 3519 usus

127 3556 184 3617 est,
208 3551 253 3622 qui
274 3539 365 3606 τότ’
387 3537 504 3604 έπιιτοι
527 3539 645 3604 stainei
666 3541 790 3624 μέλλον
817 3547 920 3622 quidem
943 3546 975 3603 ad
996 3540 1144 3622 κατέχεις
1166 3556 1191 3601 ιι

128 3651 153 3706 q.
175 3652 200 3692 s.
227 3630 330 3688 videtur
357 3632 503 3696 rettulisse,
531 3639 570 3695 et,
600 3603 687 3706 posilo
709 3639 820 3706 puncto,
848 3636 885 3688 ita
912 3651 966 3687 reru
996 3633 1192 3686 construxisse:

128 3706 299 3812 πόμπολις
314 3707 413 3808 νόμος
433 3701 564 3772 οὐδέν’
545 3728 652 3812 ιρπιι,
666 3707 846 3806 ἐπαρκέσαι
869 3709 926 3772 καὶ
948 3707 986 3770 τό
1003 3707 1081 3788 πρὶν
1098 3704 1195 3778 ἐκτός

128 3789 233 3871 ἄτας,
261 3802 280 3856 i.
310 3819 333 3857 e.
357 3787 503 3864 οὐδείς’
488 3811 597 3870 ectio,
627 3787 662 3866 ὃς
691 3790 832 3856 δύναται
860 3787 1041 3874 προςοὶγιιν
1068 3802 1095 3850 ιι
1123 3815 1146 3869 q
1170 3815 1192 3856 s

129 3879 235 3956 Reliqui
261 3897 327 3977 rerq
353 3881 513 3938 scholiastae
542 3880 574 3936 tle
595 3901 638 3938 vv.
660 3874 722 3938 tili
746 3889 771 3936 et
793 3875 864 3938 612.
888 3889 988 3946 tacent3
1016 3877 1063 3936 sed
1086 3889 1193 3952 quartus

131 3983 177 4022 cos
204 3983 264 4060 cuuq
264 3956 394 4059 νόμος
422 3971 490 4022 cette
518 3983 571 4021 non
598 3965 748 4040 conjunxit,
781 3983 839 4020 natu
874 3961 952 4020 dicit.
984 3951 1003 4020 6
1031 3959 1066 4024 δὲ
1092 3955 1195 4039 νόμος

132 4041 229 4106 τοῦτο
253 4039 319 4128 ἔχει
340 4055 367 4105 et
388 4067 413 4124 q
436 4067 476 4118 s,
504 4051 593 4124 itaque
616 4066 662 4106 eos
684 4067 737 4104 non
759 4055 847 4124 potest
868 4067 921 4105 non
942 4047 977 4104 ad
997 4046 1196 4137 praecedentem

134 4149 159 4190 r.
172 4131 316 4202 rettulisse,
331 4125 410 4208 quiue
427 4135 529 4208 etipse
550 4129 654 4190 videtur
673 4131 830 4190 infinitivum
851 4133 958 4210 legisse.
981 4129 1067 4196 Quum
1081 4149 1143 4186 rero
1160 4122 1197 4186 δι’
1278 4123 1281 4132 “
