<?xml version="1.0" encoding="UTF-8"?>
<!DOCTYPE html PUBLIC "-//W3C//DTD XHTML 1.0 Transitional//EN"
    "http://www.w3.org/TR/xhtml1/DTD/xhtml1-transitional.dtd">
<html xmlns="http://www.w3.org/1999/xhtml" xml:lang="en" lang="en">
 <head>
  <title>
</title>
<meta http-equiv="Content-Type" content="text/html;charset=utf-8" />
  <meta name='ocr-system' content='tesseract 3.04.00' />
  <meta name='ocr-capabilities' content='ocr_page ocr_carea ocr_par ocr_line ocrx_word'/>
</head>
<body>
  <div class='ocr_page' id='page_1' title='image "./desophoclisscho00wolfgoog_0085.png"; bbox 0 0 2874 4758; ppageno 0'>
   <div class='ocr_carea' id='block_1_1' title="bbox 259 289 302 370">
    <p class='ocr_par' dir='ltr' id='par_1_1' title="bbox 259 289 302 370">
     <span class='ocr_line' id='line_1_1' title="bbox 259 289 302 370; baseline 0 -14"><span class='ocrx_word' id='word_1_1' title='bbox 259 289 302 370; x_wconf 78' lang='lat'><strong>⁷⁰</strong></span> 
     </span>
    </p>
   </div>
   <div class='ocr_carea' id='block_1_2' title="bbox 263 457 1344 1077">
    <p class='ocr_par' dir='ltr' id='par_1_2' title="bbox 263 457 1344 718">
     <span class='ocr_line' id='line_1_2' title="bbox 263 457 1344 540; baseline -0.004 -17"><span class='ocrx_word' id='word_1_2' title='bbox 263 483 363 540; x_wconf 85' lang='lat' dir='ltr'><strong>cunque</strong></span> <span class='ocrx_word' id='word_1_3' title='bbox 385 463 544 532; x_wconf 83' lang='lat' dir='ltr'><strong>deciderent,</strong></span> <span class='ocrx_word' id='word_1_4' title='bbox 566 465 694 539; x_wconf 78' lang='lat' dir='ltr'><strong>imprimis</strong></span> <span class='ocrx_word' id='word_1_5' title='bbox 715 465 797 540; x_wconf 85' lang='lat' dir='ltr'><strong>igitur</strong></span> <span class='ocrx_word' id='word_1_6' title='bbox 818 460 852 518; x_wconf 82' lang='lat' dir='ltr'><strong>ad</strong></span> <span class='ocrx_word' id='word_1_7' title='bbox 873 479 938 518; x_wconf 84' lang='lat' dir='ltr'><strong>aves</strong></span> <span class='ocrx_word' id='word_1_8' title='bbox 958 477 976 517; x_wconf 82' lang='lat' dir='ltr'><strong>a</strong></span> <span class='ocrx_word' id='word_1_9' title='bbox 994 457 1148 518; x_wconf 84' lang='lat' dir='ltr'><strong>Philocteta</strong></span> <span class='ocrx_word' id='word_1_10' title='bbox 1165 463 1254 536; x_wconf 84' lang='lat' dir='ltr'><strong>jactas</strong></span> <span class='ocrx_word' id='word_1_11' title='bbox 1279 483 1344 539; x_wconf 89' lang='lat' dir='ltr'><strong>per·</strong></span> 
     </span>
     <span class='ocr_line' id='line_1_3' title="bbox 263 543 1344 606; baseline -0.004 0"><span class='ocrx_word' id='word_1_12' title='bbox 263 553 347 606; x_wconf 88' lang='lat' dir='ltr'><strong>tinere</strong></span> <span class='ocrx_word' id='word_1_13' title='bbox 370 555 498 605; x_wconf 74' lang='lat' dir='ltr'>censeret.</span> <span class='ocrx_word' id='word_1_14' title='bbox 539 545 582 605; x_wconf 88' lang='lat' dir='ltr'><strong>Do</strong></span> <span class='ocrx_word' id='word_1_15' title='bbox 603 547 695 604; x_wconf 86' lang='lat' dir='ltr'><strong>aribus</strong></span> <span class='ocrx_word' id='word_1_16' title='bbox 717 545 784 605; x_wconf 86' lang='lat' dir='ltr'><strong>solis</strong></span> <span class='ocrx_word' id='word_1_17' title='bbox 806 544 878 604; x_wconf 84' lang='lat' dir='ltr'><strong>Phil.</strong></span> <span class='ocrx_word' id='word_1_18' title='bbox 892 546 1006 603; x_wconf 83' lang='lat' dir='ltr'><strong>locutus</strong></span> <span class='ocrx_word' id='word_1_19' title='bbox 1029 551 1086 602; x_wconf 88' lang='lat' dir='ltr'><strong>erat</strong></span> <span class='ocrx_word' id='word_1_20' title='bbox 1109 543 1254 604; x_wconf 86' lang='lat' dir='ltr'><strong>simillimis</strong></span> <span class='ocrx_word' id='word_1_21' title='bbox 1277 565 1344 604; x_wconf 85' lang='lat' dir='ltr'><strong>ver·</strong></span> 
     </span>
     <span class='ocr_line' id='line_1_4' title="bbox 264 625 1029 718; baseline -0.003 -30"><span class='ocrx_word' id='word_1_22' title='bbox 264 625 560 706; x_wconf 74' lang='lat' dir='ltr'><strong>hi‘s‚v.28il.sqq.r</strong></span> <span class='ocrx_word' id='word_1_23' title='bbox 816 703 819 710; x_wconf 29' lang='grc' dir='ltr'>Ι</span> <span class='ocrx_word' id='word_1_24' title='bbox 867 697 871 712; x_wconf 30' lang='lat'><strong>¹</strong></span> <span class='ocrx_word' id='word_1_25' title='bbox 1012 701 1029 718; x_wconf 81' lang='lat'><strong>.</strong></span> 
     </span>
    </p>

    <p class='ocr_par' dir='ltr' id='par_1_3' title="bbox 457 733 982 823">
     <span class='ocr_line' id='line_1_5' title="bbox 457 733 982 823; baseline -0.011 -15"><span class='ocrx_word' id='word_1_26' title='bbox 457 739 552 821; x_wconf 72' lang='lat' dir='ltr'><strong>capric</strong></span> <span class='ocrx_word' id='word_1_27' title='bbox 574 742 610 808; x_wconf 78' lang='grc' dir='ltr'><strong>δὲ</strong></span> <span class='ocrx_word' id='word_1_28' title='bbox 632 737 733 808; x_wconf 75' lang='grc' dir='ltr'><strong><em>τοῦθ’</em></strong></span> <span class='ocrx_word' id='word_1_29' title='bbox 755 733 774 806; x_wconf 87' lang='lat' dir='ltr'><strong>h&#39;</strong></span> <span class='ocrx_word' id='word_1_30' title='bbox 793 761 856 823; x_wconf 79' lang='lat' dir='ltr'><strong>poc</strong></span> <span class='ocrx_word' id='word_1_31' title='bbox 876 734 982 822; x_wconf 80' lang='grc' dir='ltr'><em>βάλοι</em></span> 
     </span>
    </p>

    <p class='ocr_par' dir='ltr' id='par_1_4' title="bbox 472 816 1300 910">
     <span class='ocr_line' id='line_1_6' title="bbox 472 816 1300 910; baseline -0.002 -22"><span class='ocrx_word' id='word_1_32' title='bbox 472 825 719 910; x_wconf 75' lang='grc' dir='ltr'><strong><em>Νεοροσπαδής</em></strong></span> <span class='ocrx_word' id='word_1_33' title='bbox 739 817 925 910; x_wconf 79' lang='grc' dir='ltr'><strong><em>ἄτρακτος,</em></strong></span> <span class='ocrx_word' id='word_1_34' title='bbox 945 817 1048 896; x_wconf 78' lang='grc' dir='ltr'><strong><em>αὐτὸς</em></strong></span> <span class='ocrx_word' id='word_1_35' title='bbox 1069 816 1113 888; x_wconf 71' lang='grc' dir='ltr'><strong>ἂν</strong></span> <span class='ocrx_word' id='word_1_36' title='bbox 1134 819 1244 899; x_wconf 79' lang='grc' dir='ltr'><strong><em>τάλας</em></strong></span> <span class='ocrx_word' id='word_1_37' title='bbox 1298 893 1300 902; x_wconf 47' lang='lat'><strong>.</strong></span> 
     </span>
    </p>

    <p class='ocr_par' dir='ltr' id='par_1_5' title="bbox 468 902 1097 991">
     <span class='ocr_line' id='line_1_7' title="bbox 468 902 1097 991; baseline -0.005 -20"><span class='ocrx_word' id='word_1_38' title='bbox 468 905 640 991; x_wconf 80' lang='grc' dir='ltr'><strong><em>Εὶλοόμην</em></strong></span> <span class='ocrx_word' id='word_1_39' title='bbox 661 907 822 988; x_wconf 83' lang='grc' dir='ltr'><strong><em>δύστηνος</em></strong></span> <span class='ocrx_word' id='word_1_40' title='bbox 842 903 984 986; x_wconf 74' lang='grc' dir='ltr'><strong><em>ἐξέλκων</em></strong></span> <span class='ocrx_word' id='word_1_41' title='bbox 1004 902 1097 972; x_wconf 80' lang='grc' dir='ltr'><strong><em>πόδα</em></strong></span> 
     </span>
    </p>

    <p class='ocr_par' dir='ltr' id='par_1_6' title="bbox 471 987 750 1077">
     <span class='ocr_line' id='line_1_8' title="bbox 471 987 750 1077; baseline 0.022 -23"><span class='ocrx_word' id='word_1_42' title='bbox 471 991 569 1077; x_wconf 80' lang='grc' dir='ltr'><em>Πρὸς</em></span> <span class='ocrx_word' id='word_1_43' title='bbox 590 987 679 1056; x_wconf 83' lang='grc' dir='ltr'><strong><em>τοῦτ’</em></strong></span> <span class='ocrx_word' id='word_1_44' title='bbox 696 989 750 1060; x_wconf 78' lang='grc' dir='ltr'><strong>ἄν.</strong></span> 
     </span>
    </p>
   </div>
   <div class='ocr_carea' id='block_1_3' title="bbox 266 1105 1434 1443">
    <p class='ocr_par' dir='ltr' id='par_1_7' title="bbox 266 1105 1434 1443">
     <span class='ocr_line' id='line_1_9' title="bbox 267 1105 1337 1194; baseline -0.007 -18"><span class='ocrx_word' id='word_1_45' title='bbox 267 1119 304 1176; x_wconf 82' lang='lat' dir='ltr'><strong>lit</strong></span> <span class='ocrx_word' id='word_1_46' title='bbox 325 1113 392 1172; x_wconf 82' lang='lat' dir='ltr'><strong>illuel</strong></span> <span class='ocrx_word' id='word_1_47' title='bbox 413 1105 499 1172; x_wconf 78' lang='grc' dir='ltr'><strong><em>εἴτι</em></strong></span> <span class='ocrx_word' id='word_1_48' title='bbox 519 1105 657 1194; x_wconf 73' lang='grc' dir='ltr'><strong><em>ἐμπέσοι</em></strong></span> <span class='ocrx_word' id='word_1_49' title='bbox 687 1117 786 1194; x_wconf 83' lang='lat' dir='ltr'><strong>recepit</strong></span> <span class='ocrx_word' id='word_1_50' title='bbox 804 1110 904 1182; x_wconf 79' lang='lat' dir='ltr'><strong>Dind,</strong></span> <span class='ocrx_word' id='word_1_51' title='bbox 933 1111 996 1170; x_wconf 88' lang='lat' dir='ltr'><strong>coll.</strong></span> <span class='ocrx_word' id='word_1_52' title='bbox 1017 1108 1118 1170; x_wconf 78' lang='lat' dir='ltr'><strong>Aesch.</strong></span> <span class='ocrx_word' id='word_1_53' title='bbox 1146 1111 1239 1188; x_wconf 90' lang='lat' dir='ltr'><strong>Suppl.</strong></span> <span class='ocrx_word' id='word_1_54' title='bbox 1260 1105 1337 1172; x_wconf 83' lang='grc'><strong>776.</strong></span> 
     </span>
     <span class='ocr_line' id='line_1_10' title="bbox 267 1183 1433 1276; baseline -0.004 -18"><span class='ocrx_word' id='word_1_55' title='bbox 267 1193 353 1276; x_wconf 78' lang='grc'><strong>(789.</strong></span> <span class='ocrx_word' id='word_1_56' title='bbox 376 1193 488 1273; x_wconf 85' lang='lat' dir='ltr'><strong>Schlltz)</strong></span> <span class='ocrx_word' id='word_1_57' title='bbox 510 1191 607 1275; x_wconf 76' lang='grc' dir='ltr'><strong><em>βοῦνι</em></strong></span> <span class='ocrx_word' id='word_1_58' title='bbox 629 1189 774 1266; x_wconf 73' lang='grc' dir='ltr'><strong><em>ἔνδικον,</em></strong></span> <span class='ocrx_word' id='word_1_59' title='bbox 796 1216 949 1273; x_wconf 86' lang='lat' dir='ltr'><strong>quamquam</strong></span> <span class='ocrx_word' id='word_1_60' title='bbox 965 1204 1070 1273; x_wconf 87' lang='lat' dir='ltr'><strong>praeter</strong></span> <span class='ocrx_word' id='word_1_61' title='bbox 1090 1183 1125 1254; x_wconf 82' lang='grc' dir='ltr'><strong>τί</strong></span> <span class='ocrx_word' id='word_1_62' title='bbox 1140 1186 1337 1258; x_wconf 59' lang='lat' dir='ltr'><strong>detererem·</strong></span> <span class='ocrx_word' id='word_1_63' title='bbox 1432 1231 1433 1234; x_wconf 60' lang='lat'><em>=</em></span> 
     </span>
     <span class='ocr_line' id='line_1_11' title="bbox 266 1276 1338 1360; baseline -0.001 -21"><span class='ocrx_word' id='word_1_64' title='bbox 266 1285 313 1360; x_wconf 88' lang='lat' dir='ltr'><strong>pla</strong></span> <span class='ocrx_word' id='word_1_65' title='bbox 331 1281 409 1358; x_wconf 84' lang='lat' dir='ltr'><strong>hujus</strong></span> <span class='ocrx_word' id='word_1_66' title='bbox 430 1280 520 1340; x_wconf 86' lang='lat' dir='ltr'><strong>hiatus</strong></span> <span class='ocrx_word' id='word_1_67' title='bbox 549 1301 602 1338; x_wconf 91' lang='lat' dir='ltr'><strong>non</strong></span> <span class='ocrx_word' id='word_1_68' title='bbox 629 1290 736 1340; x_wconf 82' lang='lat' dir='ltr'><strong>exstant</strong></span> <span class='ocrx_word' id='word_1_69' title='bbox 762 1285 829 1340; x_wconf 89' lang='lat' dir='ltr'><strong>satis</strong></span> <span class='ocrx_word' id='word_1_70' title='bbox 851 1289 937 1349; x_wconf 84' lang='lat' dir='ltr'><strong>certa,</strong></span> <span class='ocrx_word' id='word_1_71' title='bbox 969 1287 996 1337; x_wconf 92' lang='lat' dir='ltr'><strong>et</strong></span> <span class='ocrx_word' id='word_1_72' title='bbox 1016 1283 1075 1356; x_wconf 84' lang='lat' dir='ltr'><strong>ipso</strong></span> <span class='ocrx_word' id='word_1_73' title='bbox 1097 1282 1126 1336; x_wconf 93' lang='lat' dir='ltr'><strong>in</strong></span> <span class='ocrx_word' id='word_1_74' title='bbox 1146 1276 1247 1336; x_wconf 80' lang='lat' dir='ltr'><strong>Aesch.</strong></span> <span class='ocrx_word' id='word_1_75' title='bbox 1268 1299 1296 1337; x_wconf 85' lang='lat' dir='ltr'><strong>v.</strong></span> <span class='ocrx_word' id='word_1_76' title='bbox 1321 1300 1338 1338; x_wconf 87' lang='lat' dir='ltr'><strong>a</strong></span> 
     </span>
     <span class='ocr_line' id='line_1_12' title="bbox 268 1355 1434 1443; baseline -0.002 -19"><span class='ocrx_word' id='word_1_77' title='bbox 268 1366 444 1442; x_wconf 80' lang='lat' dir='ltr'><strong>&#39;compluribus</strong></span> <span class='ocrx_word' id='word_1_78' title='bbox 465 1357 583 1443; x_wconf 79' lang='grc' dir='ltr'><strong><em>βοῦνις</em></strong></span> <span class='ocrx_word' id='word_1_79' title='bbox 603 1367 733 1422; x_wconf 71' lang='lat' dir='ltr'><strong>scribitur.</strong></span> <span class='ocrx_word' id='word_1_80' title='bbox 777 1363 847 1422; x_wconf 83' lang='lat' dir='ltr'><strong>illud</strong></span> <span class='ocrx_word' id='word_1_81' title='bbox 868 1355 943 1423; x_wconf 79' lang='grc' dir='ltr'><strong><em>τιντὶ</em></strong></span> <span class='ocrx_word' id='word_1_82' title='bbox 963 1383 1027 1421; x_wconf 81' lang='lat' dir='ltr'><strong>cero</strong></span> <span class='ocrx_word' id='word_1_83' title='bbox 1049 1383 1084 1422; x_wconf 83' lang='lat' dir='ltr'><strong>ex</strong></span> <span class='ocrx_word' id='word_1_84' title='bbox 1104 1363 1151 1421; x_wconf 89' lang='lat' dir='ltr'><strong>Br.</strong></span> <span class='ocrx_word' id='word_1_85' title='bbox 1172 1364 1243 1440; x_wconf 88' lang='lat' dir='ltr'><strong>conj.</strong></span> <span class='ocrx_word' id='word_1_86' title='bbox 1264 1383 1338 1422; x_wconf 87' lang='lat' dir='ltr'><strong>rece·</strong></span> <span class='ocrx_word' id='word_1_87' title='bbox 1433 1437 1434 1440; x_wconf 7' lang='grc' dir='ltr'><strong>Ἴ</strong></span> 
     </span>
    </p>
   </div>
   <div class='ocr_carea' id='block_1_4' title="bbox 268 1443 1434 1625">
    <p class='ocr_par' dir='ltr' id='par_1_8' title="bbox 268 1443 1434 1625">
     <span class='ocr_line' id='line_1_13' title="bbox 268 1443 1434 1532; baseline -0.003 -25"><span class='ocrx_word' id='word_1_88' title='bbox 268 1457 362 1532; x_wconf 83' lang='lat' dir='ltr'><strong>perant</strong></span> <span class='ocrx_word' id='word_1_89' title='bbox 383 1449 442 1506; x_wconf 81' lang='lat' dir='ltr'><strong>Eri.</strong></span> <span class='ocrx_word' id='word_1_90' title='bbox 465 1447 555 1506; x_wconf 78' lang='lat' dir='ltr'><strong>Schrif.</strong></span> <span class='ocrx_word' id='word_1_91' title='bbox 570 1443 676 1506; x_wconf 74' lang='lat' dir='ltr'><strong>&#39;Buttm</strong></span> <span class='ocrx_word' id='word_1_92' title='bbox 690 1447 801 1506; x_wconf 81' lang='lat' dir='ltr'><strong>·Wuntl.</strong></span> <span class='ocrx_word' id='word_1_93' title='bbox 1433 1509 1434 1516; x_wconf 13' lang='lat' dir='ltr'><strong>p</strong></span> 
     </span>
     <span class='ocr_line' id='line_1_14' title="bbox 271 1533 1434 1625; baseline -0.002 -18"><span class='ocrx_word' id='word_1_94' title='bbox 271 1533 275 1542; x_wconf 23' lang='grc' dir='ltr'><strong><em>Δ</em></strong></span> <span class='ocrx_word' id='word_1_95' title='bbox 354 1547 407 1607; x_wconf 88' lang='lat' dir='ltr'><strong>Sed</strong></span> <span class='ocrx_word' id='word_1_96' title='bbox 435 1547 604 1618; x_wconf 84' lang='lat' dir='ltr'><strong>seholiastann</strong></span> <span class='ocrx_word' id='word_1_97' title='bbox 630 1556 765 1625; x_wconf 81' lang='lat' dir='ltr'><strong>praeterea</strong></span> <span class='ocrx_word' id='word_1_98' title='bbox 793 1549 872 1620; x_wconf 85' lang='lat' dir='ltr'><strong>etiam</strong></span> <span class='ocrx_word' id='word_1_99' title='bbox 898 1536 990 1622; x_wconf 67' lang='lat' dir='ltr'><strong>ilos,</strong></span> <span class='ocrx_word' id='word_1_100' title='bbox 1022 1565 1075 1604; x_wconf 90' lang='lat' dir='ltr'><strong>non</strong></span> <span class='ocrx_word' id='word_1_101' title='bbox 1095 1535 1194 1616; x_wconf 74' lang='grc' dir='ltr'><strong><em>ἑλεῖν,</em></strong></span> <span class='ocrx_word' id='word_1_102' title='bbox 1215 1545 1286 1624; x_wconf 85' lang='lat' dir='ltr'><strong>quod</strong></span> <span class='ocrx_word' id='word_1_103' title='bbox 1311 1551 1341 1608; x_wconf 91' lang='lat' dir='ltr'><strong>in</strong></span> <span class='ocrx_word' id='word_1_104' title='bbox 1433 1543 1434 1616; x_wconf 61' lang='lat' dir='ltr'><strong>l</strong></span> 
     </span>
    </p>
   </div>
   <div class='ocr_carea' id='block_1_5' title="bbox 171 1629 1340 1710">
    <p class='ocr_par' dir='ltr' id='par_1_9' title="bbox 171 1629 1340 1710">
     <span class='ocr_line' id='line_1_15' title="bbox 171 1629 1340 1710; baseline -0.003 -17"><span class='ocrx_word' id='word_1_105' title='bbox 171 1635 175 1642; x_wconf 79' lang='grc'><strong><em>’</em></strong></span> <span class='ocrx_word' id='word_1_106' title='bbox 268 1633 344 1704; x_wconf 84' lang='lat' dir='ltr'><strong>lihris</strong></span> <span class='ocrx_word' id='word_1_107' title='bbox 374 1639 429 1702; x_wconf 87' lang='lat' dir='ltr'><strong>est,</strong></span> <span class='ocrx_word' id='word_1_108' title='bbox 461 1633 561 1710; x_wconf 85' lang='lat' dir='ltr'><strong>legisse</strong></span> <span class='ocrx_word' id='word_1_109' title='bbox 591 1631 711 1690; x_wconf 86' lang='lat' dir='ltr'><strong>concludi</strong></span> <span class='ocrx_word' id='word_1_110' title='bbox 739 1651 791 1690; x_wconf 90' lang='lat' dir='ltr'><strong>non</strong></span> <span class='ocrx_word' id='word_1_111' title='bbox 819 1639 916 1708; x_wconf 86' lang='lat' dir='ltr'><strong>potest.</strong></span> <span class='ocrx_word' id='word_1_112' title='bbox 956 1629 1059 1688; x_wconf 84' lang='lat' dir='ltr'><strong>Eadem</strong></span> <span class='ocrx_word' id='word_1_113' title='bbox 1092 1633 1161 1686; x_wconf 89' lang='lat' dir='ltr'><strong>enim</strong></span> <span class='ocrx_word' id='word_1_114' title='bbox 1196 1634 1224 1688; x_wconf 90' lang='lat' dir='ltr'><strong>in</strong></span> <span class='ocrx_word' id='word_1_115' title='bbox 1249 1630 1340 1690; x_wconf 90' lang='lat' dir='ltr'><strong>schol.</strong></span> 
     </span>
    </p>
   </div>
   <div class='ocr_carea' id='block_1_6' title="bbox 268 1713 1341 1964">
    <p class='ocr_par' dir='ltr' id='par_1_10' title="bbox 268 1713 1341 1964">
     <span class='ocr_line' id='line_1_16' title="bbox 268 1713 1341 1792; baseline -0.004 -16"><span class='ocrx_word' id='word_1_116' title='bbox 268 1719 380 1776; x_wconf 88' lang='lat' dir='ltr'><strong>lectione</strong></span> <span class='ocrx_word' id='word_1_117' title='bbox 402 1715 569 1776; x_wconf 82' lang='lat' dir='ltr'><strong>anacoluthla</strong></span> <span class='ocrx_word' id='word_1_118' title='bbox 595 1725 697 1786; x_wconf 89' lang='lat' dir='ltr'><strong>manet,</strong></span> <span class='ocrx_word' id='word_1_119' title='bbox 726 1734 791 1792; x_wconf 84' lang='lat' dir='ltr'><strong>qaae</strong></span> <span class='ocrx_word' id='word_1_120' title='bbox 818 1719 846 1774; x_wconf 93' lang='lat' dir='ltr'><strong>in</strong></span> <span class='ocrx_word' id='word_1_121' title='bbox 876 1714 1020 1772; x_wconf 88' lang='lat' dir='ltr'><strong>Hermanni</strong></span> <span class='ocrx_word' id='word_1_122' title='bbox 1046 1721 1100 1782; x_wconf 87' lang='lat' dir='ltr'><strong>est,</strong></span> <span class='ocrx_word' id='word_1_123' title='bbox 1132 1713 1278 1771; x_wconf 85' lang='lat' dir='ltr'><strong>infinitivus</strong></span> <span class='ocrx_word' id='word_1_124' title='bbox 1308 1724 1341 1774; x_wconf 87' lang='lat' dir='ltr'><strong>ut</strong></span> 
     </span>
     <span class='ocr_line' id='line_1_17' title="bbox 268 1787 1340 1878; baseline -0.002 -20"><span class='ocrx_word' id='word_1_125' title='bbox 268 1799 427 1877; x_wconf 84' lang='lat' dir='ltr'><strong>respondeat</strong></span> <span class='ocrx_word' id='word_1_126' title='bbox 447 1804 563 1878; x_wconf 83' lang='lat' dir='ltr'><strong>optativo</strong></span> <span class='ocrx_word' id='word_1_127' title='bbox 583 1789 827 1874; x_wconf 67' lang='grc' dir='ltr'><strong><em>νατευνᾶσειεν,</em></strong></span> <span class='ocrx_word' id='word_1_128' title='bbox 849 1817 927 1876; x_wconf 87' lang='lat' dir='ltr'><strong>quum</strong></span> <span class='ocrx_word' id='word_1_129' title='bbox 947 1805 1056 1874; x_wconf 82' lang='lat' dir='ltr'><strong>uterque</strong></span> <span class='ocrx_word' id='word_1_130' title='bbox 1077 1817 1094 1854; x_wconf 88' lang='lat' dir='ltr'><strong>a</strong></span> <span class='ocrx_word' id='word_1_131' title='bbox 1113 1799 1201 1855; x_wconf 83' lang='lat' dir='ltr'><strong>verbis</strong></span> <span class='ocrx_word' id='word_1_132' title='bbox 1220 1787 1340 1857; x_wconf 76' lang='grc' dir='ltr'><strong><em>οὔτινα</em></strong></span> 
     </span>
     <span class='ocr_line' id='line_1_18' title="bbox 269 1875 1340 1964; baseline 0 -24"><span class='ocrx_word' id='word_1_133' title='bbox 269 1875 371 1964; x_wconf 68' lang='grc' dir='ltr'><strong><em>ἔχων,</em></strong></span> <span class='ocrx_word' id='word_1_134' title='bbox 400 1905 466 1961; x_wconf 89' lang='lat' dir='ltr'><strong>quae</strong></span> <span class='ocrx_word' id='word_1_135' title='bbox 487 1893 569 1942; x_wconf 87' lang='lat' dir='ltr'><strong>totam</strong></span> <span class='ocrx_word' id='word_1_136' title='bbox 591 1887 748 1942; x_wconf 86' lang='lat' dir='ltr'><strong>sententiam</strong></span> <span class='ocrx_word' id='word_1_137' title='bbox 777 1890 884 1960; x_wconf 85' lang='lat' dir='ltr'><strong>regunt,</strong></span> <span class='ocrx_word' id='word_1_138' title='bbox 913 1879 1035 1958; x_wconf 85' lang='lat' dir='ltr'><strong>pendeat.</strong></span> <span class='ocrx_word' id='word_1_139' title='bbox 1077 1880 1120 1937; x_wconf 94' lang='lat' dir='ltr'><strong>lta</strong></span> <span class='ocrx_word' id='word_1_140' title='bbox 1139 1901 1201 1940; x_wconf 84' lang='lat' dir='ltr'><strong>vero</strong></span> <span class='ocrx_word' id='word_1_141' title='bbox 1225 1901 1340 1948; x_wconf 82' lang='lat' dir='ltr'><strong>consen-</strong></span> 
     </span>
    </p>
   </div>
   <div class='ocr_carea' id='block_1_7' title="bbox 163 1963 1340 2044">
    <p class='ocr_par' dir='ltr' id='par_1_11' title="bbox 163 1963 1340 2044">
     <span class='ocr_line' id='line_1_19' title="bbox 163 1963 1340 2044; baseline 0.003 -26"><span class='ocrx_word' id='word_1_142' title='bbox 163 2009 164 2018; x_wconf 61' lang='lat'><strong>.</strong></span> <span class='ocrx_word' id='word_1_143' title='bbox 268 1975 375 2038; x_wconf 71' lang='lat' dir='ltr'><strong>peneum</strong></span> <span class='ocrx_word' id='word_1_144' title='bbox 397 1975 461 2036; x_wconf 89' lang='lat' dir='ltr'><strong>erat,</strong></span> <span class='ocrx_word' id='word_1_145' title='bbox 481 1985 500 2026; x_wconf 83' lang='lat' dir='ltr'><strong>a</strong></span> <span class='ocrx_word' id='word_1_146' title='bbox 521 1967 667 2028; x_wconf 73' lang='lat' dir='ltr'><strong>scholiasta</strong></span> <span class='ocrx_word' id='word_1_147' title='bbox 687 1971 716 2024; x_wconf 91' lang='lat' dir='ltr'><strong>in</strong></span> <span class='ocrx_word' id='word_1_148' title='bbox 737 1967 807 2044; x_wconf 80' lang='lat' dir='ltr'><strong>expl,</strong></span> <span class='ocrx_word' id='word_1_149' title='bbox 830 1963 1022 2023; x_wconf 90' lang='lat' dir='ltr'><strong>anacoluthiam</strong></span> <span class='ocrx_word' id='word_1_150' title='bbox 1042 1965 1145 2042; x_wconf 83' lang='lat' dir='ltr'><strong>vulgari</strong></span> <span class='ocrx_word' id='word_1_151' title='bbox 1168 1983 1199 2022; x_wconf 81' lang='lat' dir='ltr'><strong>ac</strong></span> <span class='ocrx_word' id='word_1_152' title='bbox 1217 1965 1340 2042; x_wconf 78' lang='lat' dir='ltr'><strong>legitima</strong></span> 
     </span>
    </p>
   </div>
   <div class='ocr_carea' id='block_1_8' title="bbox 169 2035 1436 3651">
    <p class='ocr_par' dir='ltr' id='par_1_12' title="bbox 268 2035 1436 2952">
     <span class='ocr_line' id='line_1_20' title="bbox 270 2035 1434 2125; baseline -0.003 -15"><span class='ocrx_word' id='word_1_153' title='bbox 270 2052 462 2110; x_wconf 83' lang='lat' dir='ltr'><strong>constructione</strong></span> <span class='ocrx_word' id='word_1_154' title='bbox 484 2053 603 2124; x_wconf 76' lang='lat' dir='ltr'><strong>exprimi.</strong></span> <span class='ocrx_word' id='word_1_155' title='bbox 645 2049 700 2107; x_wconf 88' lang='lat' dir='ltr'><strong>Sed</strong></span> <span class='ocrx_word' id='word_1_156' title='bbox 720 2047 789 2106; x_wconf 85' lang='lat' dir='ltr'><strong>idem</strong></span> <span class='ocrx_word' id='word_1_157' title='bbox 814 2051 943 2125; x_wconf 78' lang='lat' dir='ltr'><strong>interpres</strong></span> <span class='ocrx_word' id='word_1_158' title='bbox 968 2056 1057 2125; x_wconf 89' lang='lat' dir='ltr'><strong>aperte</strong></span> <span class='ocrx_word' id='word_1_159' title='bbox 1077 2065 1131 2106; x_wconf 89' lang='lat' dir='ltr'><strong>non</strong></span> <span class='ocrx_word' id='word_1_160' title='bbox 1153 2035 1192 2108; x_wconf 68' lang='grc' dir='ltr'><strong>ἔκ</strong></span> <span class='ocrx_word' id='word_1_161' title='bbox 1215 2064 1252 2107; x_wconf 79' lang='grc' dir='ltr'><strong>τε</strong></span> <span class='ocrx_word' id='word_1_162' title='bbox 1274 2043 1341 2122; x_wconf 74' lang='grc' dir='ltr'><strong>γᾶς</strong></span> <span class='ocrx_word' id='word_1_163' title='bbox 1433 2117 1434 2124; x_wconf 15' lang='lat'>¹</span> 
     </span>
     <span class='ocr_line' id='line_1_21' title="bbox 269 2125 1341 2210; baseline 0.003 -21"><span class='ocrx_word' id='word_1_164' title='bbox 269 2131 374 2203; x_wconf 79' lang='lat' dir='ltr'><strong>hahuit,</strong></span> <span class='ocrx_word' id='word_1_165' title='bbox 406 2131 455 2189; x_wconf 87' lang='lat' dir='ltr'><strong>sed</strong></span> <span class='ocrx_word' id='word_1_166' title='bbox 480 2125 517 2197; x_wconf 82' lang='grc' dir='ltr'><em>τὲ</em></span> <span class='ocrx_word' id='word_1_167' title='bbox 539 2135 638 2190; x_wconf 86' lang='lat' dir='ltr'><strong>omisit.</strong></span> <span class='ocrx_word' id='word_1_168' title='bbox 682 2131 757 2194; x_wconf 73' lang='lat' dir='ltr'><strong>Quae</strong></span> <span class='ocrx_word' id='word_1_169' title='bbox 781 2133 930 2210; x_wconf 87' lang='lat' dir='ltr'><strong>conjunctio</strong></span> <span class='ocrx_word' id='word_1_170' title='bbox 952 2137 1041 2208; x_wconf 86' lang='lat' dir='ltr'><strong>utique</strong></span> <span class='ocrx_word' id='word_1_171' title='bbox 1061 2134 1150 2208; x_wconf 89' lang='lat' dir='ltr'><strong>inepta</strong></span> <span class='ocrx_word' id='word_1_172' title='bbox 1171 2139 1222 2189; x_wconf 87' lang='lat' dir='ltr'><strong>est.</strong></span> <span class='ocrx_word' id='word_1_173' title='bbox 1265 2131 1341 2192; x_wconf 86' lang='lat' dir='ltr'><strong>Nam</strong></span> 
     </span>
     <span class='ocr_line' id='line_1_22' title="bbox 271 2207 1436 2294; baseline -0.003 -19"><span class='ocrx_word' id='word_1_174' title='bbox 271 2235 356 2292; x_wconf 87' lang='lat' dir='ltr'><strong>neque</strong></span> <span class='ocrx_word' id='word_1_175' title='bbox 381 2223 442 2291; x_wconf 87' lang='lat' dir='ltr'><strong>post</strong></span> <span class='ocrx_word' id='word_1_176' title='bbox 471 2215 522 2272; x_wconf 90' lang='lat' dir='ltr'><strong>duo</strong></span> <span class='ocrx_word' id='word_1_177' title='bbox 551 2217 681 2282; x_wconf 70' lang='lat' dir='ltr'><strong>vocabula</strong></span> <span class='ocrx_word' id='word_1_178' title='bbox 708 2207 813 2294; x_wconf 78' lang='grc' dir='ltr'><strong><em>φορβ.</em></strong></span> <span class='ocrx_word' id='word_1_179' title='bbox 838 2208 1098 2294; x_wconf 68' lang='lat' dir='ltr'><strong>exprompserat,</strong></span> <span class='ocrx_word' id='word_1_180' title='bbox 1124 2235 1208 2290; x_wconf 84' lang='lat' dir='ltr'><strong>neque</strong></span> <span class='ocrx_word' id='word_1_181' title='bbox 1230 2219 1341 2272; x_wconf 88' lang='lat' dir='ltr'><strong>omnino</strong></span> <span class='ocrx_word' id='word_1_182' title='bbox 1435 2213 1436 2224; x_wconf 52' lang='lat'>¹</span> 
     </span>
     <span class='ocr_line' id='line_1_23' title="bbox 268 2289 1341 2380; baseline -0.003 -20"><span class='ocrx_word' id='word_1_183' title='bbox 268 2301 365 2360; x_wconf 78' lang='lat' dir='ltr'><strong>licebat</strong></span> <span class='ocrx_word' id='word_1_184' title='bbox 386 2303 542 2358; x_wconf 86' lang='lat' dir='ltr'><strong>sententiam</strong></span> <span class='ocrx_word' id='word_1_185' title='bbox 602 2289 749 2380; x_wconf 74' lang='grc' dir='ltr'><strong><em>ορβοῖδος</em></strong></span> <span class='ocrx_word' id='word_1_186' title='bbox 776 2289 810 2356; x_wconf 73' lang='grc' dir='ltr'><strong>ἔκ</strong></span> <span class='ocrx_word' id='word_1_187' title='bbox 837 2293 898 2378; x_wconf 62' lang='grc' dir='ltr'><strong>γᾶς</strong></span> <span class='ocrx_word' id='word_1_188' title='bbox 919 2291 1009 2358; x_wconf 80' lang='grc' dir='ltr'><em>ἑλεῖν</em></span> <span class='ocrx_word' id='word_1_189' title='bbox 1031 2317 1088 2357; x_wconf 88' lang='lat' dir='ltr'><strong>cnm</strong></span> <span class='ocrx_word' id='word_1_190' title='bbox 1110 2301 1198 2357; x_wconf 80' lang='lat' dir='ltr'><strong>verbis</strong></span> <span class='ocrx_word' id='word_1_191' title='bbox 1219 2306 1273 2358; x_wconf 88' lang='lat' dir='ltr'><strong>tam</strong></span> <span class='ocrx_word' id='word_1_192' title='bbox 1297 2319 1341 2357; x_wconf 89' lang='lat' dir='ltr'><strong>re·</strong></span> 
     </span>
     <span class='ocr_line' id='line_1_24' title="bbox 269 2317 1342 2460; baseline -0.002 -18"><span class='ocrx_word' id='word_1_193' title='bbox 269 2387 350 2451; x_wconf 72' lang='lat' dir='ltr'><strong>emotis</strong></span> <span class='ocrx_word' id='word_1_194' title='bbox 372 2369 461 2453; x_wconf 71' lang='lat' dir='ltr'><strong>i¹c.,.</strong></span> <span class='ocrx_word' id='word_1_195' title='bbox 490 2317 625 2454; x_wconf 49' lang='grc' dir='ltr'><strong><em>α’ποκῖυ</em></strong></span> <span class='ocrx_word' id='word_1_196' title='bbox 653 2392 682 2441; x_wconf 90' lang='lat' dir='ltr'><strong>ut</strong></span> <span class='ocrx_word' id='word_1_197' title='bbox 711 2383 803 2442; x_wconf 83' lang='lat' dir='ltr'><strong>Herm.</strong></span> <span class='ocrx_word' id='word_1_198' title='bbox 832 2383 930 2454; x_wconf 87' lang='lat' dir='ltr'><strong>voluit,</strong></span> <span class='ocrx_word' id='word_1_199' title='bbox 961 2385 1091 2460; x_wconf 74' lang='lat' dir='ltr'><strong>particula</strong></span> <span class='ocrx_word' id='word_1_200' title='bbox 1115 2375 1152 2446; x_wconf 79' lang='grc' dir='ltr'><em>τὲ</em></span> <span class='ocrx_word' id='word_1_201' title='bbox 1173 2390 1342 2454; x_wconf 84' lang='lat' dir='ltr'><strong>connectere,</strong></span> 
     </span>
     <span class='ocr_line' id='line_1_25' title="bbox 270 2465 1341 2544; baseline -0.001 -20"><span class='ocrx_word' id='word_1_202' title='bbox 270 2471 393 2544; x_wconf 81' lang='lat' dir='ltr'><strong>quoniam</strong></span> <span class='ocrx_word' id='word_1_203' title='bbox 414 2487 445 2526; x_wconf 86' lang='lat' dir='ltr'><strong>ea</strong></span> <span class='ocrx_word' id='word_1_204' title='bbox 482 2471 629 2538; x_wconf 69' lang='lat' dir='ltr'><strong>arctissime</strong></span> <span class='ocrx_word' id='word_1_205' title='bbox 656 2475 758 2526; x_wconf 84' lang='lat' dir='ltr'><strong>tantum</strong></span> <span class='ocrx_word' id='word_1_206' title='bbox 785 2466 956 2526; x_wconf 82' lang='lat' dir='ltr'><strong>cohaerenter</strong></span> <span class='ocrx_word' id='word_1_207' title='bbox 980 2486 1036 2530; x_wconf 70' lang='lat' dir='ltr'><strong>nes,</strong></span> <span class='ocrx_word' id='word_1_208' title='bbox 1053 2467 1169 2543; x_wconf 87' lang='lat' dir='ltr'><strong>copulat.</strong></span> <span class='ocrx_word' id='word_1_209' title='bbox 1211 2465 1341 2542; x_wconf 81' lang='lat' dir='ltr'><strong>ideoque,</strong></span> 
     </span>
     <span class='ocr_line' id='line_1_26' title="bbox 271 2535 1343 2631; baseline -0.004 -19"><span class='ocrx_word' id='word_1_210' title='bbox 271 2555 377 2627; x_wconf 80' lang='lat' dir='ltr'><strong>opinor,</strong></span> <span class='ocrx_word' id='word_1_211' title='bbox 400 2551 484 2610; x_wconf 86' lang='lat' dir='ltr'><strong>Tricl.</strong></span> <span class='ocrx_word' id='word_1_212' title='bbox 511 2559 537 2610; x_wconf 90' lang='lat' dir='ltr'><strong>et</strong></span> <span class='ocrx_word' id='word_1_213' title='bbox 558 2551 675 2612; x_wconf 83' lang='lat' dir='ltr'><strong>Turneh.</strong></span> <span class='ocrx_word' id='word_1_214' title='bbox 698 2543 738 2617; x_wconf 68' lang='grc' dir='ltr'><strong>ἕν</strong></span> <span class='ocrx_word' id='word_1_215' title='bbox 768 2568 806 2630; x_wconf 75' lang='lat' dir='ltr'><strong>ys</strong></span> <span class='ocrx_word' id='word_1_216' title='bbox 827 2547 902 2631; x_wconf 77' lang='grc' dir='ltr'><strong>γᾶς,</strong></span> <span class='ocrx_word' id='word_1_217' title='bbox 929 2550 975 2610; x_wconf 84' lang='grc' dir='ltr'><strong>Βτ.</strong></span> <span class='ocrx_word' id='word_1_218' title='bbox 1003 2535 1089 2609; x_wconf 69' lang='grc' dir='ltr'><strong><em>ὥστε</em></strong></span> <span class='ocrx_word' id='word_1_219' title='bbox 1110 2543 1185 2626; x_wconf 78' lang='grc' dir='ltr'><strong><em>γᾶς,</em></strong></span> <span class='ocrx_word' id='word_1_220' title='bbox 1205 2549 1289 2608; x_wconf 87' lang='lat' dir='ltr'><strong>Dind.</strong></span> <span class='ocrx_word' id='word_1_221' title='bbox 1312 2561 1343 2608; x_wconf 91' lang='lat' dir='ltr'><strong>et</strong></span> 
     </span>
     <span class='ocr_line' id='line_1_27' title="bbox 269 2627 1343 2720; baseline 0.001 -29"><span class='ocrx_word' id='word_1_222' title='bbox 269 2633 372 2692; x_wconf 89' lang='lat' dir='ltr'><strong>Wund.</strong></span> <span class='ocrx_word' id='word_1_223' title='bbox 389 2627 423 2692; x_wconf 74' lang='grc' dir='ltr'><strong>ἔκ</strong></span> <span class='ocrx_word' id='word_1_224' title='bbox 444 2627 560 2720; x_wconf 64' lang='grc' dir='ltr'><strong><em>γαίας,</em></strong></span> <span class='ocrx_word' id='word_1_225' title='bbox 581 2635 673 2697; x_wconf 87' lang='lat' dir='ltr'><strong>Herm.</strong></span> <span class='ocrx_word' id='word_1_226' title='bbox 695 2639 723 2693; x_wconf 93' lang='lat' dir='ltr'><strong>in</strong></span> <span class='ocrx_word' id='word_1_227' title='bbox 744 2645 861 2693; x_wconf 84' lang='lat' dir='ltr'><strong>retractt.</strong></span> <span class='ocrx_word' id='word_1_228' title='bbox 883 2627 921 2693; x_wconf 71' lang='grc' dir='ltr'><strong>ἔκ</strong></span> <span class='ocrx_word' id='word_1_229' title='bbox 937 2629 1049 2712; x_wconf 73' lang='grc' dir='ltr'><strong>δὲγοῖς</strong></span> <span class='ocrx_word' id='word_1_230' title='bbox 1067 2638 1237 2710; x_wconf 85' lang='lat' dir='ltr'><strong>scripserunt.</strong></span> <span class='ocrx_word' id='word_1_231' title='bbox 1267 2635 1343 2692; x_wconf 88' lang='lat' dir='ltr'><strong>lllnd</strong></span> 
     </span>
     <span class='ocr_line' id='line_1_28' title="bbox 271 2704 1345 2816; baseline 0 -40"><span class='ocrx_word' id='word_1_232' title='bbox 271 2713 310 2780; x_wconf 78' lang='grc' dir='ltr'><strong>τέ</strong></span> <span class='ocrx_word' id='word_1_233' title='bbox 329 2725 415 2776; x_wconf 84' lang='lat' dir='ltr'><strong>autern</strong></span> <span class='ocrx_word' id='word_1_234' title='bbox 437 2726 482 2774; x_wconf 85' lang='lat' dir='ltr'><strong>aut</strong></span> <span class='ocrx_word' id='word_1_235' title='bbox 504 2737 520 2775; x_wconf 86' lang='lat' dir='ltr'><strong>a</strong></span> <span class='ocrx_word' id='word_1_236' title='bbox 541 2722 709 2794; x_wconf 81' lang='lat' dir='ltr'><strong>grammatico</strong></span> <span class='ocrx_word' id='word_1_237' title='bbox 732 2717 862 2794; x_wconf 83' lang='lat' dir='ltr'><strong>adjectum</strong></span> <span class='ocrx_word' id='word_1_238' title='bbox 885 2725 941 2788; x_wconf 83' lang='lat' dir='ltr'><strong>est,</strong></span> <span class='ocrx_word' id='word_1_239' title='bbox 972 2721 1016 2816; x_wconf 68' lang='lat' dir='ltr'><strong>spui</strong></span> <span class='ocrx_word' id='word_1_240' title='bbox 1038 2737 1116 2808; x_wconf 69' lang='lat' dir='ltr'><strong>quum</strong></span> <span class='ocrx_word' id='word_1_241' title='bbox 1138 2704 1187 2792; x_wconf 73' lang='grc' dir='ltr'><strong>οἶ,</strong></span> <span class='ocrx_word' id='word_1_242' title='bbox 1209 2738 1262 2776; x_wconf 91' lang='lat' dir='ltr'><strong>non</strong></span> <span class='ocrx_word' id='word_1_243' title='bbox 1286 2705 1345 2776; x_wconf 75' lang='grc' dir='ltr'><strong>κὲί</strong></span> 
     </span>
     <span class='ocr_line' id='line_1_29' title="bbox 269 2796 1343 2878; baseline 0.004 -23"><span class='ocrx_word' id='word_1_244' title='bbox 269 2799 386 2878; x_wconf 82' lang='lat' dir='ltr'><strong>legeret,</strong></span> <span class='ocrx_word' id='word_1_245' title='bbox 409 2801 528 2874; x_wconf 87' lang='lat' dir='ltr'><strong>copulam</strong></span> <span class='ocrx_word' id='word_1_246' title='bbox 550 2799 721 2871; x_wconf 79' lang='lat' dir='ltr'><strong>desideraret,</strong></span> <span class='ocrx_word' id='word_1_247' title='bbox 743 2807 788 2858; x_wconf 78' lang='lat' dir='ltr'><strong>sut</strong></span> <span class='ocrx_word' id='word_1_248' title='bbox 808 2819 843 2858; x_wconf 81' lang='lat' dir='ltr'><strong>es</strong></span> <span class='ocrx_word' id='word_1_249' title='bbox 864 2803 1003 2858; x_wconf 76' lang='lat' dir='ltr'><strong>anteriores</strong></span> <span class='ocrx_word' id='word_1_250' title='bbox 1024 2821 1118 2864; x_wconf 82' lang='lat' dir='ltr'><strong>versus</strong></span> <span class='ocrx_word' id='word_1_251' title='bbox 1139 2821 1204 2859; x_wconf 85' lang='lat' dir='ltr'><strong>voce</strong></span> <span class='ocrx_word' id='word_1_252' title='bbox 1226 2796 1260 2861; x_wconf 80' lang='grc' dir='ltr'><strong>τὶ</strong></span> <span class='ocrx_word' id='word_1_253' title='bbox 1282 2806 1343 2860; x_wconf 87' lang='lat' dir='ltr'><strong>sive</strong></span> 
     </span>
     <span class='ocr_line' id='line_1_30' title="bbox 269 2875 534 2952; baseline 0.004 -14"><span class='ocrx_word' id='word_1_254' title='bbox 269 2875 321 2952; x_wconf 64' lang='lat' dir='ltr'><strong>tie</strong></span> <span class='ocrx_word' id='word_1_255' title='bbox 341 2888 461 2938; x_wconf 83' lang='lat' dir='ltr'><strong>exortum</strong></span> <span class='ocrx_word' id='word_1_256' title='bbox 483 2891 534 2939; x_wconf 87' lang='lat' dir='ltr'><strong>est.</strong></span> 
     </span>
    </p>

    <p class='ocr_par' dir='ltr' id='par_1_13' title="bbox 169 2957 1344 3473">
     <span class='ocr_line' id='line_1_31' title="bbox 355 2957 1344 3048; baseline 0.007 -27"><span class='ocrx_word' id='word_1_257' title='bbox 355 2963 459 3048; x_wconf 85' lang='lat' dir='ltr'><strong>Deinde</strong></span> <span class='ocrx_word' id='word_1_258' title='bbox 480 2964 652 3032; x_wconf 82' lang='lat' dir='ltr'><strong>scholiastam</strong></span> <span class='ocrx_word' id='word_1_259' title='bbox 673 2964 709 3037; x_wconf 75' lang='lat' dir='ltr'><strong>cd</strong></span> <span class='ocrx_word' id='word_1_260' title='bbox 728 2987 755 3038; x_wconf 80' lang='lat' dir='ltr'><strong>r,</strong></span> <span class='ocrx_word' id='word_1_261' title='bbox 776 2957 849 3028; x_wconf 83' lang='lat'><strong>701.</strong></span> <span class='ocrx_word' id='word_1_262' title='bbox 872 2976 898 3024; x_wconf 87' lang='lat' dir='ltr'><strong>et</strong></span> <span class='ocrx_word' id='word_1_263' title='bbox 917 2961 990 3036; x_wconf 72' lang='grc'><strong>705.</strong></span> <span class='ocrx_word' id='word_1_264' title='bbox 1008 2969 1064 3046; x_wconf 78' lang='lat' dir='ltr'><strong>jane</strong></span> <span class='ocrx_word' id='word_1_265' title='bbox 1087 2967 1178 3042; x_wconf 64' lang='lat' dir='ltr'><strong>Heme.</strong></span> <span class='ocrx_word' id='word_1_266' title='bbox 1202 2973 1344 3028; x_wconf 83' lang='lat' dir='ltr'><strong>annotarit</strong></span> 
     </span>
     <span class='ocr_line' id='line_1_32' title="bbox 270 3037 1344 3132; baseline 0.007 -28"><span class='ocrx_word' id='word_1_267' title='bbox 270 3066 324 3118; x_wconf 84' lang='lat' dir='ltr'><strong>pon</strong></span> <span class='ocrx_word' id='word_1_268' title='bbox 345 3037 436 3126; x_wconf 69' lang='grc' dir='ltr'><strong><em>ἄλλᾳ</em></strong></span> <span class='ocrx_word' id='word_1_269' title='bbox 446 3087 522 3110; x_wconf 83' lang='grc'><strong>.....</strong></span> <span class='ocrx_word' id='word_1_270' title='bbox 551 3041 664 3129; x_wconf 76' lang='grc' dir='ltr'><strong><em>πόρων</em></strong></span> <span class='ocrx_word' id='word_1_271' title='bbox 691 3052 806 3129; x_wconf 81' lang='lat' dir='ltr'><strong>legisse,</strong></span> <span class='ocrx_word' id='word_1_272' title='bbox 834 3050 883 3110; x_wconf 86' lang='lat' dir='ltr'><strong>sed</strong></span> <span class='ocrx_word' id='word_1_273' title='bbox 915 3041 1090 3112; x_wconf 61' lang='lat' dir='ltr'><strong>tillem...</strong></span> <span class='ocrx_word' id='word_1_274' title='bbox 1122 3043 1247 3132; x_wconf 63' lang='grc' dir='ltr'><strong><em>πόρον,</em></strong></span> <span class='ocrx_word' id='word_1_275' title='bbox 1269 3053 1344 3130; x_wconf 84' lang='lat' dir='ltr'><strong>qnod</strong></span> 
     </span>
     <span class='ocr_line' id='line_1_33' title="bbox 270 3128 1343 3214; baseline 0.007 -26"><span class='ocrx_word' id='word_1_276' title='bbox 270 3151 373 3189; x_wconf 87' lang='lat' dir='ltr'><strong>summo</strong></span> <span class='ocrx_word' id='word_1_277' title='bbox 397 3134 457 3209; x_wconf 83' lang='lat' dir='ltr'><strong>jure</strong></span> <span class='ocrx_word' id='word_1_278' title='bbox 482 3137 558 3204; x_wconf 82' lang='lat' dir='ltr'><strong>metri</strong></span> <span class='ocrx_word' id='word_1_279' title='bbox 586 3154 667 3194; x_wconf 88' lang='lat' dir='ltr'><strong>causa</strong></span> <span class='ocrx_word' id='word_1_280' title='bbox 693 3133 736 3196; x_wconf 62' lang='grc' dir='ltr'><strong>τοτ’</strong></span> <span class='ocrx_word' id='word_1_281' title='bbox 761 3137 865 3204; x_wconf 82' lang='lat' dir='ltr'><strong>clariss.</strong></span> <span class='ocrx_word' id='word_1_282' title='bbox 892 3141 998 3214; x_wconf 81' lang='lat' dir='ltr'><strong>recepit,</strong></span> <span class='ocrx_word' id='word_1_283' title='bbox 1041 3136 1077 3194; x_wconf 79' lang='lat' dir='ltr'><strong>lte</strong></span> <span class='ocrx_word' id='word_1_284' title='bbox 1107 3128 1212 3194; x_wconf 77' lang='grc' dir='ltr'><strong><em>ἄλλον</em></strong></span> <span class='ocrx_word' id='word_1_285' title='bbox 1234 3135 1343 3211; x_wconf 87' lang='lat' dir='ltr'><strong>quidem</strong></span> 
     </span>
     <span class='ocr_line' id='line_1_34' title="bbox 270 3208 1342 3298; baseline 0.005 -27"><span class='ocrx_word' id='word_1_286' title='bbox 270 3215 346 3278; x_wconf 85' lang='lat' dir='ltr'><strong>solus</strong></span> <span class='ocrx_word' id='word_1_287' title='bbox 368 3215 529 3294; x_wconf 82' lang='lat' dir='ltr'><strong>scholiasta,</strong></span> <span class='ocrx_word' id='word_1_288' title='bbox 554 3208 661 3298; x_wconf 77' lang='grc' dir='ltr'><strong><em>πόρον</em></strong></span> <span class='ocrx_word' id='word_1_289' title='bbox 685 3237 747 3278; x_wconf 80' lang='lat' dir='ltr'><strong>vero</strong></span> <span class='ocrx_word' id='word_1_290' title='bbox 769 3218 822 3278; x_wconf 87' lang='lat' dir='ltr'><strong>La.</strong></span> <span class='ocrx_word' id='word_1_291' title='bbox 852 3239 955 3298; x_wconf 89' lang='lat' dir='ltr'><strong>quoqne</strong></span> <span class='ocrx_word' id='word_1_292' title='bbox 983 3228 1010 3277; x_wconf 88' lang='lat' dir='ltr'><strong>et</strong></span> <span class='ocrx_word' id='word_1_293' title='bbox 1036 3218 1111 3279; x_wconf 85' lang='lat' dir='ltr'><strong>Ricc.</strong></span> <span class='ocrx_word' id='word_1_294' title='bbox 1139 3225 1166 3286; x_wconf 84' lang='lat' dir='ltr'><strong>et</strong></span> <span class='ocrx_word' id='word_1_295' title='bbox 1185 3217 1261 3278; x_wconf 82' lang='lat' dir='ltr'><strong>Flor.</strong></span> <span class='ocrx_word' id='word_1_296' title='bbox 1283 3239 1342 3278; x_wconf 87' lang='lat' dir='ltr'><strong>ser-</strong></span> 
     </span>
     <span class='ocr_line' id='line_1_35' title="bbox 270 3291 1342 3396; baseline 0.005 -41"><span class='ocrx_word' id='word_1_297' title='bbox 270 3309 374 3358; x_wconf 82' lang='lat' dir='ltr'><strong>varunt.</strong></span> <span class='ocrx_word' id='word_1_298' title='bbox 408 3291 513 3396; x_wconf 66' lang='lat' dir='ltr'><strong>’&#39;Al-lp</strong></span> <span class='ocrx_word' id='word_1_299' title='bbox 541 3311 628 3362; x_wconf 87' lang='lat' dir='ltr'><strong>autem</strong></span> <span class='ocrx_word' id='word_1_300' title='bbox 658 3304 720 3363; x_wconf 83' lang='lat' dir='ltr'><strong>fort.</strong></span> <span class='ocrx_word' id='word_1_301' title='bbox 748 3309 917 3383; x_wconf 84' lang='lat' dir='ltr'><strong>grammatico</strong></span> <span class='ocrx_word' id='word_1_302' title='bbox 939 3305 1018 3362; x_wconf 87' lang='lat' dir='ltr'><strong>alicui</strong></span> <span class='ocrx_word' id='word_1_303' title='bbox 1040 3301 1161 3373; x_wconf 81' lang='lat' dir='ltr'><strong>deletur,</strong></span> <span class='ocrx_word' id='word_1_304' title='bbox 1191 3305 1236 3379; x_wconf 86' lang='lat' dir='ltr'><strong>qui</strong></span> <span class='ocrx_word' id='word_1_305' title='bbox 1258 3321 1342 3378; x_wconf 83' lang='lat' dir='ltr'><strong>quum</strong></span> 
     </span>
     <span class='ocr_line' id='line_1_36' title="bbox 169 3377 1216 3473; baseline 0.005 -34"><span class='ocrx_word' id='word_1_306' title='bbox 169 3381 172 3388; x_wconf 90' lang='grc'><strong>’</strong></span> <span class='ocrx_word' id='word_1_307' title='bbox 271 3377 384 3473; x_wconf 69' lang='grc' dir='ltr'><strong><em>πόρων</em></strong></span> <span class='ocrx_word' id='word_1_308' title='bbox 404 3385 504 3466; x_wconf 79' lang='lat' dir='ltr'><strong>legeret</strong></span> <span class='ocrx_word' id='word_1_309' title='bbox 525 3407 579 3460; x_wconf 83' lang='lat' dir='ltr'><strong>non</strong></span> <span class='ocrx_word' id='word_1_310' title='bbox 599 3387 712 3460; x_wconf 71' lang='lat' dir='ltr'><strong>hahebat</strong></span> <span class='ocrx_word' id='word_1_311' title='bbox 734 3409 785 3468; x_wconf 77' lang='lat' dir='ltr'><strong>quo</strong></span> <span class='ocrx_word' id='word_1_312' title='bbox 808 3379 917 3460; x_wconf 67' lang='grc' dir='ltr'><strong><em>ἄλλον</em></strong></span> <span class='ocrx_word' id='word_1_313' title='bbox 937 3388 1056 3458; x_wconf 81' lang='lat' dir='ltr'><strong>referret.</strong></span> <span class='ocrx_word' id='word_1_314' title='bbox 1171 3440 1174 3452; x_wconf 85' lang='grc'><strong><em>,</em></strong></span> <span class='ocrx_word' id='word_1_315' title='bbox 1210 3377 1216 3384; x_wconf 71' lang='grc'><strong>’</strong></span> 
     </span>
    </p>

    <p class='ocr_par' dir='ltr' id='par_1_14' title="bbox 271 3461 1345 3651">
     <span class='ocr_line' id='line_1_37' title="bbox 357 3461 1344 3548; baseline 0.005 -25"><span class='ocrx_word' id='word_1_316' title='bbox 357 3465 477 3525; x_wconf 85' lang='lat' dir='ltr'><strong>Tueatur</strong></span> <span class='ocrx_word' id='word_1_317' title='bbox 498 3477 632 3546; x_wconf 83' lang='lat' dir='ltr'><strong>praeterea</strong></span> <span class='ocrx_word' id='word_1_318' title='bbox 652 3479 717 3528; x_wconf 86' lang='lat' dir='ltr'><strong>vett.</strong></span> <span class='ocrx_word' id='word_1_319' title='bbox 740 3476 852 3546; x_wconf 86' lang='lat' dir='ltr'><strong>interpp.</strong></span> <span class='ocrx_word' id='word_1_320' title='bbox 874 3465 946 3530; x_wconf 77' lang='grc'><strong>685.</strong></span> <span class='ocrx_word' id='word_1_321' title='bbox 969 3464 1004 3529; x_wconf 75' lang='grc' dir='ltr'><strong>ἕν</strong></span> <span class='ocrx_word' id='word_1_322' title='bbox 1026 3463 1109 3540; x_wconf 78' lang='grc' dir='ltr'><strong><em>ἴσοις</em></strong></span> <span class='ocrx_word' id='word_1_323' title='bbox 1130 3469 1223 3548; x_wconf 78' lang='lat' dir='ltr'><strong>glossa</strong></span> <span class='ocrx_word' id='word_1_324' title='bbox 1240 3461 1276 3528; x_wconf 76' lang='grc' dir='ltr'><strong>ἐν</strong></span> <span class='ocrx_word' id='word_1_325' title='bbox 1290 3462 1344 3528; x_wconf 81' lang='grc' dir='ltr'><strong>δι-</strong></span> 
     </span>
     <span class='ocr_line' id='line_1_38' title="bbox 271 3538 1345 3651; baseline 0.004 -45"><span class='ocrx_word' id='word_1_326' title='bbox 271 3538 401 3626; x_wconf 78' lang='grc' dir='ltr'><strong><em>καίοις,</em></strong></span> <span class='ocrx_word' id='word_1_327' title='bbox 429 3571 593 3651; x_wconf 64' lang='lat' dir='ltr'><strong>quamquapr</strong></span> <span class='ocrx_word' id='word_1_328' title='bbox 613 3555 652 3610; x_wconf 86' lang='lat' dir='ltr'><strong>ita</strong></span> <span class='ocrx_word' id='word_1_329' title='bbox 673 3543 711 3618; x_wconf 69' lang='grc' dir='ltr'><strong>ἕν</strong></span> <span class='ocrx_word' id='word_1_330' title='bbox 732 3545 764 3631; x_wconf 82' lang='lat' dir='ltr'><strong>y&#39;</strong></span> <span class='ocrx_word' id='word_1_331' title='bbox 791 3546 876 3626; x_wconf 74' lang='grc' dir='ltr'><strong><em>ἴσοις</em></strong></span> <span class='ocrx_word' id='word_1_332' title='bbox 896 3575 998 3631; x_wconf 82' lang='lat' dir='ltr'><strong>quoque</strong></span> <span class='ocrx_word' id='word_1_333' title='bbox 1020 3561 1046 3612; x_wconf 89' lang='lat' dir='ltr'><strong>et</strong></span> <span class='ocrx_word' id='word_1_334' title='bbox 1074 3541 1120 3624; x_wconf 67' lang='grc' dir='ltr'><strong>ω”ν</strong></span> <span class='ocrx_word' id='word_1_335' title='bbox 1148 3546 1252 3626; x_wconf 81' lang='grc' dir='ltr'><strong><em>ἴσοις,</em></strong></span> <span class='ocrx_word' id='word_1_336' title='bbox 1275 3571 1345 3627; x_wconf 86' lang='lat' dir='ltr'><strong>quac</strong></span> 
     </span>
    </p>
   </div>
   <div class='ocr_carea' id='block_1_9' title="bbox 153 3631 1346 3728">
    <p class='ocr_par' dir='ltr' id='par_1_15' title="bbox 153 3631 1346 3728">
     <span class='ocr_line' id='line_1_39' title="bbox 153 3631 1346 3728; baseline 0.003 -39"><span class='ocrx_word' id='word_1_337' title='bbox 153 3689 161 3701; x_wconf 71' lang='grc'><strong><em>,</em></strong></span> <span class='ocrx_word' id='word_1_338' title='bbox 271 3634 432 3728; x_wconf 70' lang='grc' dir='ltr'><strong><em>οιιότττοᾶοιο</em></strong></span> <span class='ocrx_word' id='word_1_339' title='bbox 454 3637 631 3713; x_wconf 80' lang='lat' dir='ltr'><strong>conjecturae</strong></span> <span class='ocrx_word' id='word_1_340' title='bbox 651 3645 728 3705; x_wconf 85' lang='lat' dir='ltr'><strong>sunt,</strong></span> <span class='ocrx_word' id='word_1_341' title='bbox 757 3638 881 3712; x_wconf 88' lang='lat' dir='ltr'><strong>explicari</strong></span> <span class='ocrx_word' id='word_1_342' title='bbox 903 3643 1004 3714; x_wconf 86' lang='lat' dir='ltr'><strong>potuit:</strong></span> <span class='ocrx_word' id='word_1_343' title='bbox 1026 3646 1081 3694; x_wconf 86' lang='lat' dir='ltr'><strong>turn</strong></span> <span class='ocrx_word' id='word_1_344' title='bbox 1101 3631 1173 3697; x_wconf 80' lang='grc'><strong>692.</strong></span> <span class='ocrx_word' id='word_1_345' title='bbox 1195 3631 1346 3712; x_wconf 81' lang='grc' dir='ltr'><strong><em>αἱματη-</em></strong></span> 
     </span>
    </p>
   </div>
   <div class='ocr_carea' id='block_1_10' title="bbox 271 3706 1345 4220">
    <p class='ocr_par' dir='ltr' id='par_1_16' title="bbox 271 3706 1345 4220">
     <span class='ocr_line' id='line_1_40' title="bbox 271 3706 1345 3802; baseline 0 -26"><span class='ocrx_word' id='word_1_346' title='bbox 271 3732 332 3798; x_wconf 82' lang='grc' dir='ltr'><strong>ρον</strong></span> <span class='ocrx_word' id='word_1_347' title='bbox 352 3723 521 3784; x_wconf 86' lang='lat' dir='ltr'><strong>annotatione</strong></span> <span class='ocrx_word' id='word_1_348' title='bbox 543 3712 597 3786; x_wconf 78' lang='grc' dir='ltr'><strong>τ“ν</strong></span> <span class='ocrx_word' id='word_1_349' title='bbox 619 3734 738 3798; x_wconf 63' lang='grc' dir='ltr'><strong><em>κακον.</em></strong></span> <span class='ocrx_word' id='word_1_350' title='bbox 760 3714 951 3800; x_wconf 77' lang='grc' dir='ltr'><strong><em>αἱματηρὸν</em></strong></span> <span class='ocrx_word' id='word_1_351' title='bbox 972 3706 1093 3802; x_wconf 83' lang='grc' dir='ltr'><strong><em>στόνον</em></strong></span> <span class='ocrx_word' id='word_1_352' title='bbox 1122 3722 1255 3786; x_wconf 89' lang='lat' dir='ltr'><strong>muniunt,</strong></span> <span class='ocrx_word' id='word_1_353' title='bbox 1289 3739 1345 3793; x_wconf 88' lang='lat' dir='ltr'><strong>qna</strong></span> 
     </span>
     <span class='ocr_line' id='line_1_41' title="bbox 273 3791 1345 3886; baseline 0.005 -31"><span class='ocrx_word' id='word_1_354' title='bbox 273 3803 354 3858; x_wconf 87' lang='lat' dir='ltr'><strong>simul</strong></span> <span class='ocrx_word' id='word_1_355' title='bbox 375 3813 497 3880; x_wconf 86' lang='lat' dir='ltr'><strong>apparet,</strong></span> <span class='ocrx_word' id='word_1_356' title='bbox 523 3804 594 3864; x_wconf 91' lang='lat' dir='ltr'><strong>hunc</strong></span> <span class='ocrx_word' id='word_1_357' title='bbox 619 3813 688 3862; x_wconf 84' lang='lat' dir='ltr'><strong>cente</strong></span> <span class='ocrx_word' id='word_1_358' title='bbox 721 3814 949 3864; x_wconf 86' lang='lat' dir='ltr'><strong>commentatorem</strong></span> <span class='ocrx_word' id='word_1_359' title='bbox 980 3823 1063 3880; x_wconf 88' lang='lat' dir='ltr'><strong>neque</strong></span> <span class='ocrx_word' id='word_1_360' title='bbox 1092 3791 1199 3886; x_wconf 73' lang='lat' dir='ltr'><strong>attt&#39;ctrp³</strong></span> <span class='ocrx_word' id='word_1_361' title='bbox 1219 3792 1345 3871; x_wconf 74' lang='grc' dir='ltr'><strong><em>ὀδύνας</em></strong></span> 
     </span>
     <span class='ocr_line' id='line_1_42' title="bbox 273 3877 1342 3977; baseline 0 -35"><span class='ocrx_word' id='word_1_362' title='bbox 273 3877 515 3977; x_wconf 41' lang='grc' dir='ltr'><strong>αἱματῆρ)....,</strong></span> <span class='ocrx_word' id='word_1_363' title='bbox 540 3887 611 3966; x_wconf 84' lang='lat' dir='ltr'><strong>quod</strong></span> <span class='ocrx_word' id='word_1_364' title='bbox 631 3891 659 3946; x_wconf 89' lang='lat' dir='ltr'><strong>in</strong></span> <span class='ocrx_word' id='word_1_365' title='bbox 680 3887 864 3956; x_wconf 71' lang='lat' dir='ltr'><strong>editionem,</strong></span> <span class='ocrx_word' id='word_1_366' title='bbox 879 3907 963 3964; x_wconf 87' lang='lat' dir='ltr'><strong>neque</strong></span> <span class='ocrx_word' id='word_1_367' title='bbox 977 3877 1183 3970; x_wconf 77' lang='grc' dir='ltr'><strong><em>οφοέκελον..</em></strong></span> <span class='ocrx_word' id='word_1_368' title='bbox 1194 3927 1219 3946; x_wconf 92' lang='grc'><strong>..</strong></span> <span class='ocrx_word' id='word_1_369' title='bbox 1238 3880 1342 3962; x_wconf 76' lang='grc' dir='ltr'><strong><em>αἱμα-</em></strong></span> 
     </span>
     <span class='ocr_line' id='line_1_43' title="bbox 274 3971 1342 4052; baseline 0.004 -31"><span class='ocrx_word' id='word_1_370' title='bbox 274 3977 390 4042; x_wconf 83' lang='grc' dir='ltr'><strong><em>τηρον,</em></strong></span> <span class='ocrx_word' id='word_1_371' title='bbox 411 3972 481 4044; x_wconf 85' lang='lat' dir='ltr'><strong>quod</strong></span> <span class='ocrx_word' id='word_1_372' title='bbox 501 3976 531 4030; x_wconf 89' lang='lat' dir='ltr'><strong>in</strong></span> <span class='ocrx_word' id='word_1_373' title='bbox 551 3981 667 4032; x_wconf 85' lang='lat' dir='ltr'><strong>retractt.</strong></span> <span class='ocrx_word' id='word_1_374' title='bbox 689 3972 802 4050; x_wconf 88' lang='lat' dir='ltr'><strong>conjecit</strong></span> <span class='ocrx_word' id='word_1_375' title='bbox 823 3971 925 4038; x_wconf 82' lang='lat' dir='ltr'><strong>Herm,</strong></span> <span class='ocrx_word' id='word_1_376' title='bbox 946 3989 1031 4052; x_wconf 82' lang='lat' dir='ltr'><strong>neque</strong></span> <span class='ocrx_word' id='word_1_377' title='bbox 1052 3973 1106 4028; x_wconf 82' lang='lat' dir='ltr'><strong>alia</strong></span> <span class='ocrx_word' id='word_1_378' title='bbox 1127 3971 1237 4044; x_wconf 85' lang='lat' dir='ltr'><strong>deniqne</strong></span> <span class='ocrx_word' id='word_1_379' title='bbox 1250 3971 1342 4037; x_wconf 83' lang='lat' dir='ltr'><strong>rerhs,</strong></span> 
     </span>
     <span class='ocr_line' id='line_1_44' title="bbox 275 4041 1343 4132; baseline 0.001 -25"><span class='ocrx_word' id='word_1_380' title='bbox 275 4049 328 4104; x_wconf 81' lang='lat' dir='ltr'><strong>uiri</strong></span> <span class='ocrx_word' id='word_1_381' title='bbox 350 4067 417 4122; x_wconf 85' lang='lat' dir='ltr'><strong>qnae</strong></span> <span class='ocrx_word' id='word_1_382' title='bbox 438 4056 466 4109; x_wconf 93' lang='lat' dir='ltr'><strong>in</strong></span> <span class='ocrx_word' id='word_1_383' title='bbox 487 4055 562 4112; x_wconf 80' lang='lat' dir='ltr'><strong>ilicis</strong></span> <span class='ocrx_word' id='word_1_384' title='bbox 584 4064 662 4127; x_wconf 85' lang='lat' dir='ltr'><strong>sunt,</strong></span> <span class='ocrx_word' id='word_1_385' title='bbox 684 4058 793 4132; x_wconf 82' lang='lat' dir='ltr'><strong>legisse.</strong></span> <span class='ocrx_word' id='word_1_386' title='bbox 835 4054 874 4112; x_wconf 84' lang='lat' dir='ltr'><strong>Iit</strong></span> <span class='ocrx_word' id='word_1_387' title='bbox 895 4053 1016 4128; x_wconf 80' lang='lat' dir='ltr'><strong>proiecto</strong></span> <span class='ocrx_word' id='word_1_388' title='bbox 1038 4058 1083 4132; x_wconf 83' lang='lat' dir='ltr'><strong>qni</strong></span> <span class='ocrx_word' id='word_1_389' title='bbox 1103 4045 1226 4114; x_wconf 78' lang='grc' dir='ltr'><strong><em>στόνον</em></strong></span> <span class='ocrx_word' id='word_1_390' title='bbox 1247 4041 1343 4110; x_wconf 79' lang='grc' dir='ltr'><strong><em>α’ντὶ-</em></strong></span> 
     </span>
     <span class='ocr_line' id='line_1_45' title="bbox 275 4125 1344 4220; baseline 0.004 -30"><span class='ocrx_word' id='word_1_391' title='bbox 275 4146 381 4202; x_wconf 68' lang='lat' dir='ltr'><strong>sonos!</strong></span> <span class='ocrx_word' id='word_1_392' title='bbox 401 4127 649 4217; x_wconf 72' lang='grc' dir='ltr'><strong><em>βαρυβρῶτ’....</em></strong></span> <span class='ocrx_word' id='word_1_393' title='bbox 669 4125 860 4220; x_wconf 73' lang='grc' dir='ltr'><strong><em>αἱματηρόν</em></strong></span> <span class='ocrx_word' id='word_1_394' title='bbox 884 4133 1009 4196; x_wconf 84' lang='lat' dir='ltr'><strong>audacius</strong></span> <span class='ocrx_word' id='word_1_395' title='bbox 1039 4145 1141 4207; x_wconf 86' lang='lat' dir='ltr'><strong>censet,</strong></span> <span class='ocrx_word' id='word_1_396' title='bbox 1172 4134 1344 4214; x_wconf 78' lang='lat' dir='ltr'><strong>qnamqnod</strong></span> 
     </span>
    </p>
   </div>
   <div class='ocr_carea' id='block_1_11' title="bbox 0 0 1454 4758">
    <p class='ocr_par' dir='ltr' id='par_1_17' title="bbox 0 0 1454 4758">
     <span class='ocr_line' id='line_1_46' title="bbox 0 0 1454 4758; baseline 0 0"><span class='ocrx_word' id='word_1_397' title='bbox 0 0 1454 4758; x_wconf 95' lang='lat' dir='ltr'><strong> </strong></span> 
     </span>
    </p>
   </div>
  </div>
 </body>
</html>
