2898 4754
140 532 143 540 ,
267 479 364 543 motor
386 499 438 542 ono
460 499 518 542 cnm
540 479 687 560 Greopiplo
710 481 744 540 ad
766 478 864 544 Trach.
879 471 962 550 354..
981 477 1076 541 uttde
1089 477 1185 553 unqe
1197 481 1345 542 tectorum

158 609 164 622 .
268 586 375 628 numero
401 571 501 645 agitem
532 576 580 626 out
610 566 680 626 idem
707 575 753 624 ant
780 567 848 625 altar
875 567 971 642 aliquis
999 565 1178 624 Aristocraten
1205 586 1345 628 unacum

266 649 403 728 sinopis.
424 651 554 724 Βγιιιιῑίσ
580 650 615 710 ad
642 649 726 714 Arist.
751 652 816 713 nub.
841 643 914 713 965.
946 650 979 708 de
1001 653 1092 708 metris
1114 645 1206 727 diclt3)
1224 651 1344 728 denique
1435 663 1436 732 i

268 735 303 794 ad
314 734 378 880 ἇὶὲὲ
388 729 460 800 884.
482 735 600 806 Phileas,
622 734 759 814 qnemFr.
773 733 1063 800 comparantem.
1085 753 1147 795 anu.
1168 733 1235 812 piril.
1247 729 1343 800 1811.
1435 787 1436 804 .

404 841 479 898 seqq.
508 829 569 880 arte
604 818 786 891 Thucydidem
819 823 921 878 vixisse
956 817 1169 892 demonstrasti
1211 819 1344 880 Fortasse
1435 831 1436 840 ¹

266 904 409 976 Didymum
431 913 644 973 antecesserunt,
667 906 783 974 fortasse
802 905 862 982 ¹ejus
884 905 1009 980 aequales
1031 911 1105 962 erant
1124 903 1209 973 Pius,
1231 904 1265 962 de
1289 925 1343 981 quo

166 1017 171 1026 ¹
266 1007 293 1048 ι.
307 987 470 1050 Richterum.
491 981 553 1066 pfl
575 984 640 1065 .**),
653 997 679 1047 et
690 988 810 1066 Andron,
832 992 876 1065 qui
897 988 932 1045 ad
954 987 987 1048 0.
998 985 1057 1048 cot.
1071 981 1161 1048 1⁰51.
1176 986 1209 1045 de
1230 987 1344 1048 Eumol·

204 1095 208 1100 ·
265 1071 385 1152 pidarum
412 1081 491 1150 gente
513 1071 586 1131 dicit.
629 1071 764 1132 Andronis
789 1073 851 1152 Teji
877 1075 993 1150 epitoma
1019 1067 1082 1131 τῶν
1104 1066 1344 1150 ooyyseeooira

266 1157 353 1217 schol.
375 1154 466 1234 Apoll.
486 1155 575 1216 Rhod.
598 1149 627 1220 l.
648 1151 700 1222 45.
729 1155 864 1226 laudatur,
887 1176 967 1233 quare
988 1177 1042 1216 non
1062 1175 1131 1236 ¹opus
1153 1164 1208 1225 est,
1229 1165 1260 1214 ut
1282 1177 1342 1217 curu
1436 1171 1437 1210 i

266 1240 310 1304 ed.
332 1240 410 1303 Rom.
433 1251 461 1302 et
480 1241 614 1300 Brunclrio
637 1251 664 1304 et
686 1241 841 1322 quibusdam
862 1243 1068 1319 fragmentorum
1089 1239 1263 1300 Androtionis
1284 1243 1342 1301 edi·

267 1327 368 1386 toribus
389 1330 419 1386 ln
438 1325 523 1389 schol.
545 1325 628 1403 Soph.
650 1324 798 1386 Androtion
819 1326 980 1388 emendetur.

352 1410 494 1470 Praeterea
515 1401 659 1470 alienantur
685 1411 736 1471 dno
759 1411 881 1482 oracula,
908 1428 1002 1470 versus
1031 1407 1179 1487 Orplricus,
1208 1415 1260 1468 tria
1286 1405 1353 1468 fra-⁸

270 1503 383 1574 gmenta,
406 1513 472 1573 quse
494 1499 609 1573 quinque
628 1499 762 1556 trimetros
783 1496 908 1566 efficiunt,
930 1495 1041 1572 denique
1062 1494 1097 1552 ad
1118 1491 1151 1552 0.
1165 1493 1224 1556 Col.
1248 1490 1343 1558 1375.

268 1579 414 1658 quindecim
435 1583 547 1641 trimetri
568 1600 602 1640 ex
623 1579 740 1640 dramate
760 1583 874 1653 satyrico
895 1583 952 1638 sive
974 1577 1117 1648 comoedia,
1141 1598 1207 1654 quos
1224 1581 1259 1639 G.
1272 1579 1342 1638 Din-

268 1663 367 1724 dorsms
390 1664 494 1742 quidem
517 1668 608 1743 quinto
631 1673 744 1725 sextove
763 1674 825 1742 post
846 1663 909 1726 Chr.
931 1684 958 1722 n.
980 1664 1085 1722 saeculo
1108 1665 1206 1732 tribuit,
1223 1665 1258 1722 G.
1271 1663 1342 1722 Her·
1437 1673 1438 1696 ¹

267 1767 379 1808 mannus
401 1746 549 1827 uero***)‚
575 1769 678 1810 sursum
696 1752 757 1828 jure
779 1751 855 1808 aliter
877 1752 1009 1816 sentiens,
1038 1751 1077 1806 ita'
1096 1750 1224 1816 restituit,
1246 1758 1276 1806 ut
1295 1752 1342 1808 vel

267 1838 390 1910 optimam
412 1855 499 1892 rerum
522 1839 684 1894 scenicarum
705 1843 817 1894 aetatem
839 1853 893 1892 non
915 1832 1079 1894 dedecerent.

352 1918 404 1975 His
415 1920 561 1994 fragmenta
576 1919 703 1994 quaedam
718 1921 750 1978 ab
765 1918 910 1976 editoribus
931 1921 1025 1993 partim
1045 1917 1166 1994 neglecta
1186 1913 1264 1994 adjici
1278 1936 1342 1992 pos·

268 2005 331 2060 sint.
374 2001 454 2058 Velut
475 2005 543 2060 euim
566 2001 712 2060 scholiasta
733 2001 766 2060 0.
789 2002 856 2072 Tyr.
877 2019 903 2058 v.
928 1995 1019 2063 1191.
1041 2005 1098 2058 suis
1125 2001 1212 2058 verbis
1234 2020 1342 2058 versum

268 2085 382 2158 aliquem
403 2083 545 2144 Menandri
567 2085 700 2163 eleganter
720 2088 872 2154 immiscuit,
894 2085 1014 2162 alibique.
1028 2086 1104 2156 alios,
1124 2088 1165 2144 iia
1173 2085 1230 2166 jam
1243 2083 1343 2146 Elrnsl.

267 2167 334 2226 vidit
355 2173 487 2228 sonantum
508 2171 591 2227 latere
612 2173 640 2227 in
662 2169 746 2233 schol.
768 2169 801 2228 0.
824 2169 889 2242 Tyr.
911 2163 1000 2231 772:

372 2259 413 2328 od
431 2264 501 2349 μήν
522 2261 684 2331 τοσοῦτον
703 2259 887 2354 φροντίσαι
909 2267 968 2330 τοῦ
989 2266 1201 2353 πράγματος,
1277 2283 1279 2288 ’

268 2377 294 2430 et
315 2374 344 2428 in
365 2369 450 2429 schol.
473 2370 571 2433 Trach.
588 2363 661 2433 280.
675 2380 880 2450 pentametrum:
895 2362 964 2430 οὐδ’
978 2363 1119 2442 αὕτόητὸ
1131 2367 1233 2432 θεῖόν
1246 2363 1343 2451 ὑβρι-

269 2445 410 2534 ζόμενον
432 2450 597 2538 καρτερεῖ,
619 2447 639 2515 t·
661 2446 736 2518 λίαν
757 2445 1101 2518 ἐστίν’ἄνικιόιοιτον,
1135 2457 1197 2514 Etsi
1218 2456 1343 2516 liceum
1439 2461 1440 2520 ]

265 2539 312 2597 Br.
334 2541 501 2600 scribendum
532 2541 637 2599 videtur
657 2530 944 2602 o’mercadrcror.
988 2541 1096 2598 Scilicet
1115 2561 1240 2618 perversa
1259 2545 1344 2598 inter·
1439 2529 1440 2586 ἶ

266 2628 378 2698 precatio
401 2637 443 2682 est
463 2645 575 2684 versus:
596 2615 696 2705 ὕβριν
718 2619 784 2707 γὰρ
806 2617 847 2684 od
868 2619 1063 2706 στέργουσιν
1084 2615 1343 2702 occooao'poooe,

266 2711 525 2784 obversabanturque
546 2707 708 2766 scholiastae
730 2709 768 2767 dii
788 2715 817 2766 in
838 2709 922 2766 iliade
943 2727 991 2786 per
1010 2695 1112 2789 ὕβριν
1131 2711 1273 2766 vidnerati.

291 2823 294 2832 “
352 2807 406 2865 Sed
421 2809 515 2884 fragm.
531 2813 630 2884 epicum
646 2795 734 2868 exstat
745 2812 773 2865 in
785 2807 870 2870 schol.
884 2809 981 2868 Trach.
994 2803 1083 2872 931.:
1106 2805 1182 2886 περὶ
1196 2801 1236 2868 τὸ
1249 2797 1344 2890 ἧπαρ

265 2885 333 2972 γοὶρ
355 2885 508 2976 „mperes
529 2883 594 2951 εἰσὶ
617 2887 798 2974 propriam:
829 2893 862 2951 de
883 2913 932 2952 suo
960 2899 1027 2952 erim
1050 2899 1178 2971 interpres
1204 2894 1344 2970 epitheton

263 2974 332 3034 iliud
353 2995 406 3034 con
428 2977 586 3055 adjecisset3
608 2985 634 3036 et
655 2982 757 3053 politam
780 2978 875 3055 respici
896 2973 1208 3038 inanioremque:
1231 2969 1344 3038 dode-

264 3053 387 3138 νοῦμεν
409 3055 445 3121 δὲ
466 3056 506 3146 τῇ
534 3050 676 3140 γλυκείᾳ
705 3057 877 3148 epogdois}
902 3057 963 3121 τοῦ
989 3053 1095 3123 ὕπνον
1122 3053 1344 3142 κατεχόμενοι
1415 3053 1417 3058 ’

264 3147 338 3204 σοΙοι
358 3149 478 3222 politicus
500 3145 672 3206 demonstrat.
700 3136 747 3204 'lot
775 3142 913 3221 γλυκεῖα
935 3139 1109 3226 προςβολή
1131 3143 1253 3204 τέκνων
1274 3147 1341 3205 Eur.

264 3229 340 3291 Meo.
364 3224 455 3294 1063.
478 3230 555 3292 dixit.
581 3227 625 3288 rid
645 3227 690 3293 El.
712 3223 804 3293 1437.
826 3231 939 3308 denique
961 3235 1072 3308 legitur:
1095 3225 1131 3290 ἐν
1153 3225 1199 3310 aql
1221 3226 1369 3291 latoio*

263 3307 321 3374 δεῖ
337 3311 421 3392 μηδὲ
447 3308 606 3394 μηκύνειν
637 3308 839 3394 τὸνλόγον,
872 3315 942 3394 qnod
969 3315 1003 3374 ad
1031 3320 1115 3394 ipsam
1138 3317 1344 3392 explicationem

264 3417 317 3455 non
339 3403 460 3474 pertinet.
504 3401 672 3459 Omittendus
685 3403 721 3460 ibi
734 3407 777 3459 est
791 3401 917 3458 articulus
939 3405 1134 3476 sententiaeque
1156 3419 1237 3457 causa
1257 3391 1345 3478 μήτι

264 3481 440 3544 scribendum.
478 3481 545 3540 'Alia
567 3483 693 3560 quaedam
716 3485 864 3562 fragmenta
884 3489 912 3543 iu
934 3489 1017 3564 partis
1038 3488 1194 3562 posterioris
1216 3503 1275 3561 cap.
1292 3483 1342 3544 Ν.

265 3561 291 3648 ξ.
315 3560 345 3626 5.
369 3568 492 3626 attulisse
514 3566 578 3624 mihi
599 3568 702 3625 videor.

347 3667 439 3746 Itaque
464 3687 533 3727 unus
560 3665 729 3726 Herodianus
752 3667 786 3726 ad
808 3667 841 3727 0.
864 3668 923 3732 Col.
948 3663 1019 3730 195.
1041 3669 1164 3728 laudatus
1187 3689 1203 3726 a
1223 3667 1343 3740 Didymo

263 3753 360 3816 allatus
375 3774 434 3815 esse
450 3773 502 3814 non
515 3759 611 3832 potest,
624 3753 697 3812 velut
710 3755 835 3829 quaedam
847 3753 976 3834 ejusmodi
995 3753 1342 3814 scholiisl’indariareoen·

268 3905 470 3924 Μ

333 4003 353 4057 ⁸)
372 4006 420 4050 litai
438 4020 463 4050 οι
483 4008 511 4052 dc
529 4022 554 4054 rs
572 4009 658 4056 dubitet
676 4011 705 4056 ii.
725 4011 796 4058 Folio.
817 4009 913 4069 Pytheas
932 4021 976 4054 ron
993 4009 1102 4060 liessilra.
1122 4023 1145 4068 p.
1165 4009 1202 4052 Ν.
1222 4015 1281 4054 nom

331 4071 495 4154 ”ququam
509 4076 583 4156 ιοιοι.
602 4079 670 4154 eosq
692 4079 719 4124 ιι.
744 4079 825 4142 ruric
849 4079 924 4125 ma:
947 4074 1017 4160 Πίος
1108 4066 1345 4140 ἀπολογούμενοι

261 4135 748 4271 ”mllidllmdadrpll‘llllxll
762 4215 788 4260 o.
808 4199 866 4261 σοι’
879 4211 951 4262 rano.
