2898 4754
1139 315 1207 387 ΙΙ,

196 485 291 548 Adhuc
311 491 446 548 moure
465 502 520 548 rent
541 489 584 546 vel
604 490 797 566 monestrum,
819 492 881 566 quis
899 491 960 567 ples
980 491 1091 567 probare
1111 488 1183 553 vids

108 576 199 642 batur,
222 592 300 649 quam
322 575 480 650 probaturus
505 590 589 642 ersus,
618 576 762 650 scriptores
783 573 842 634 dico
868 579 898 634 in
915 573 1029 638 scholiis
1049 573 1183 642 laudatos.

108 658 229 722 Quorum
248 662 319 717 satis
339 657 430 718 heheu.
445 661 553 719 nomina
573 657 715 724 amandum
738 665 883 736 temporum
896 663 1024 743 sationem
1041 661 1181 738 appellere,

108 751 225 804 ceterum
259 750 346 802 autem
380 741 420 800 ad
439 741 562 820 Elmsleji
583 741 697 802 iadicem
725 761 884 820 provocare,
918 742 1072 819 quibusdam
1102 743 1181 807 noto

107 826 209 886 additis
230 831 416 903 correctisque.

195 942 401 1002 Alexandrinum
423 947 505 1022 igitur
526 947 615 1004 nescio
637 961 670 1002 an
691 945 735 1004 rel
756 943 784 1004 id
805 943 913 1024 prodat,
941 944 1012 1022 quod
1032 963 1108 1003 nemo
1130 946 1180 1004 t'rc·

108 1033 233 1106 quentius
254 1029 375 1086 laudetur
404 1027 537 1099 Homero,
567 1031 779 1104 frequentissime
807 1034 885 1088 etiam
915 1028 1109 1098 Callimachus,
1135 1033 1180 1106 qui

107 1113 142 1171 ad
152 1113 184 1171 0.
196 1102 337 1177 0013258.
360 1115 513 1192 simpliciter
533 1111 683 1186 Cyrenaeus
712 1111 878 1192 appellatur,
910 1113 962 1173 His
984 1121 1071 1172 autem
1092 1117 1183 1190 posue

107 1215 186 1255 nemo
213 1206 277 1254 tunc
303 1199 354 1254 fuit
383 1199 546 1261 celebratior.
589 1197 698 1256 Praeter
734 1219 777 1269 es,
807 1217 874 1276 quac
906 1197 1002 1260 Elmsl.
1043 1197 1178 1268 indicarit,

109 1279 265 1340 Callimachi
291 1283 385 1360 fragm.
414 1283 448 1340 ad
470 1282 534 1344 Ant.
558 1275 649 1344 1036.
672 1291 770 1344 exstat.
813 1279 916 1341 Deinde
938 1283 1077 1342 laudantur
1098 1281 1178 1340 Creo·

106 1365 212 1444 phylus,
235 1365 379 1436 Hesiodus,
401 1367 463 1430 fort.
485 1365 608 1426 Arctinus
631 1367 665 1425 ad
686 1367 757 1426 Phil.
772 1355 845 1432 445.
867 1375 894 1425 et
911 1367 1064 1444 Cypriorum
1087 1375 1179 1425 auctor
1266 1397 1269 1404 ⁴

107 1447 142 1508 ad
163 1449 234 1512 Phil.
247 1443 354 1520 1025„
382 1450 410 1508 id
433 1451 502 1528 quod
528 1451 618 1514 Herm.
641 1456 711 1510 cerie
733 1453 895 1528 suspicatur,
917 1459 971 1509 turn
994 1458 1084 1509 auctor
1106 1449 1177 1509 The·

105 1534 193 1592 baidis
216 1537 341 1605 cyclicae,
364 1527 553 1605 Archilochus,
575 1535 698 1606 Alcman,
721 1536 836 1613 Sappho,
859 1535 981 1606 Alcaeus,
1003 1535 1090 1604 corio,
1111 1530 1179 1609 (etsi

104 1611 350 1696 hic'dubitanter,)
372 1619 556 1695 Epimenides,
585 1621 663 1690 Solo,
692 1621 770 1690 Bias,
798 1619 858 1692 (hic
883 1639 986 1696 quoque
1007 1617 1178 1695 dubitantes)

102 1701 242 1770 Anacreo,
269 1701 450 1773 Pherecydes,
479 1702 632 1780 Theognis,
662 1703 810 1762 Hecataeus
837 1703 975 1774 Milesius,
1003 1702 1176 1764 Menecrates.

101 1783 260 1863 (Eleaticus
282 1785 345 1852 ille,
367 1789 395 1842 ni
419 1787 511 1853 iallor,
533 1785 721 1863 logogr'aphus,
743 1791 788 1864 qui
809 1782 884 1864 περὶ
905 1779 1045 1843 κτίσεων
1066 1793 1093 1842 ct
1113 1783 1177 1842 Hel·

101 1871 225 1944 lesponti
261 1860 418 1947 περίοδον
452 1869 586 1945 scripsit,)
623 1869 810 1946 Epicharmus,
845 1868 989 1938 Pindarus,
1019 1867 1177 1937 Simonides,

100 1951 283 2019 Herodorus,
313 1951 365 2028 (ita
393 1956 510 2010 certatim
532 1951 587 2014 W.
609 1951 670 2013 BD.
692 1973 739 2030 pro
759 1953 897 2011 Herodoto
923 1957 952 2010 in
973 1951 1056 2013 schol.
1079 1951 1177 2014 Trach.
1302 1999 1305 2018 ,

99 2029 177 2098 253.
200 2037 317 2092 scribunt
326 2030 349 2111 ,)
372 2035 543 2106 Herodotus,
567 2033 628 2110 (scd
649 2034 823 2106 Hellanicus,
851 2042 945 2114 quippe
967 2036 1000 2094 de
1022 2055 1072 2114 quo
1094 2035 1176 2094 histo·

101 2121 175 2178 riola
196 2125 298 2176 tanturn
320 2125 456 2188 narretur,
481 2139 515 2178 ex
536 2119 632 2178 Elmsl.
654 2120 740 2178 indice
761 2122 904 2180 demendus
926 2117 998 2196 est3)
1020 2119 1176 2193 Aeschylus,

103 2202 196 2281 (cujus
218 2205 312 2280 fragm.
329 2203 470 2264 Heliadum
493 2203 527 2261 ad
536 2203 567 2261 Ο.
577 2203 635 2266 Col.
644 2195 735 2265 1248.
757 2207 810 2264 soli
832 2207 971 2274 Triclinio,
992 2225 1045 2262 non
1065 2205 1176 2263 scholiis

100 2291 204 2347 nostris
233 2285 367 2364 delictum)
397 2292 454 2364 ipse
482 2287 640 2365 Sophocles,
677 2291 752 2368 cujus
780 2299 883 2366 praeter
912 2292 987 2348 locos
1021 2291 1052 2346 ab
1080 2289 1177 2348 Elrnsl.

103 2381 320 2432 commemoratos
341 2377 420 2431 etiarn
441 2371 513 2432 Phil.
534 2366 608 2434 872.
630 2373 665 2432 ad
685 2372 728 2452 Aj.
750 2369 802 2436 (il.
831 2383 858 2432 et
893 2393 990 2434 uorum
1018 2375 1176 2450 fragmentu-

102 2459 157 2516 lum
188 2447 532 2533 στιβαὸοποιούμενος
558 2457 592 2514 ad
618 2455 690 2522 Phil,
721 2451 814 2518 1108.
844 2457 989 2530 citatur*).
1040 2455 1177 2516 Laudatur

104 2541 199 2600 deinde
231 2541 387 2616 Euripides,
419 2543 494 2617 cujus
523 2540 631 2616 Hippoi.
659 2560 686 2596 r.
713 2534 787 2600 866.
817 2544 845 2596 in
881 2539 968 2599 schol.
999 2538 1097 2600 Traoh.
1127 2531 1179 2600 29.

103 2629 215 2702 spectari
237 2622 359 2701 Apitzius
381 2633 485 2692 censet,
508 2625 633 2701 cujusque
653 2621 727 2684 Med.
748 2617 799 2684 34.
821 2643 878 2699 seq.
899 2625 1014 2681 tortasse
1043 2626 1179 2698 interpreti

102 2707 146 2788 Aj.
167 2703 283 2771 mhllfi.
303 2713 331 2766 in
352 2712 439 2768 animo
460 2711 626 2776 versabatur,
649 2716 704 2764 tum
725 2705 873 2776 Philocles,
896 2706 1035 2776 Cratinus,
1063 2705 1177 2780 Aristarf

103 2793 168 2852 chus
198 2793 224 2852 T
226 2802 326 2871 egesta,
348 2789 458 2866 (Elmsl.
476 2796 552 2850 etiam
566 2792 750 2872 Hippocratem
771 2814 804 2852 ex
823 2790 866 2872 Aj.
879 2786 928 2854 51.
944 2791 1033 2860 allert,
1049 2791 1097 2850 sed
1119 2811 1176 2850 eum

103 2899 186 2954 neque
209 2880 260 2946 ibi,
283 2897 366 2953 neque
388 2879 450 2934 alibi
470 2881 558 2934 inveni
566 2875 587 2954 3)
615 2875 740 2953 Eupolis,
762 2875 970 2954 Aristophanes,
998 2875 1177 2948 Thucydides,

105 2960 189 3041 (hunc
205 2963 294 3022 Gaisf.
318 2961 351 3018 ad
374 2961 406 3019 0.
425 2955 533 3040 Mb.
556 2981 602 3038 pro
625 2959 804 3020 Demosthene
826 2957 971 3036 restituit3)
996 2961 1177 3029 Pherecrates,

10 3069 16 3094 u
102 3047 224 3124 Agatho,
254 3044 442 3114 Antimachus,
464 3041 546 3118 (hunc
564 3045 633 3102 idem
656 3045 744 3106 Gaisl.
768 3046 802 3104 ad
825 3045 931 3107 mcor
956 3037 1005 3107 ll.
1027 3066 1074 3124 pro
1097 3043 1176 3102 Calli·

102 3131 195 3190 macho
217 3124 333 3207 posuit3)
355 3127 525 3202 Astydamas,
553 3127 698 3198 Androtio‚
722 3129 864 3200 Isocrates,
886 3129 1089 3198 Denuosthenes‚
1118 3127 1166 3184 Ari

104 3217 232 3284 stoteles,
260 3213 413 3282 Menander,
435 3213 565 3284 Philemo,
587 3213 772 3283 Philochorus,
794 3213 886 3272 Crates
915 3223 942 3272 et
962 3213 1071 3271 Polemo
1097 3209 1178 3267 Athe·

104 3304 226 3369 uienses,
249 3295 365 3377 Aratus,
393 3297 569 3368 Theocritus,
596 3295 794 3374 Praxiphanes,
820 3305 873 3354 tum
895 3297 965 3354 ister
992 3304 1018 3351 et
1042 3293 1185 3371 Euphorie·

104 3385 256 3442 auctoribus
277 3382 516 3459 hyponrematistis,
538 3379 716 3454 Phylarchus,
744 3377 901 3458 Apollonius
923 3377 1059 3448 Rhodius,
1080 3375 1179 3436 Nican-

104 3467 165 3536 der,
187 3465 367 3546 Apollodorus
389 3465 589 3535 Atheniensis„
614 3463 651 3524 Hi
679 3484 770 3522 omues
792 3471 852 3522 ante
872 3463 1014 3536 Didymum
1043 3467 1174 3532 vixerunt,-

105 3560 164 3610 ante
187 3571 260 3620 euin,
289 3555 340 3608 etsi
361 3555 460 3608 incerto
489 3559 606 3624 tempore
627 3547 847 3626 Nymphodorus,
869 3569 960 3618 ¹rerum
986 3551 1178 3606 barbaricarum

106 3640 238 3713 scriptor,
267 3633 363 3693 Dinias
392 3631 534 3711 (Argivus)
565 3641 656 3692 auctor
688 3633 887 3712 Argolicoruur,
922 3631 1091 3692 Acesodorus
1120 3634 1178 3687 sive

110 3717 305 3796 Acestodorus,
329 3723 362 3789 is,
384 3724 411 3777 ni
434 3720 526 3787 fallor,
557 3721 600 3796 qui
622 3717 655 3775 de
675 3721 783 3776 urbibus
805 3723 926 3794 scripsit,
949 3725 976 3774 et
996 3737 1013 3773 a
1033 3711 1175 3772 Plutarcho

108 3825 165 3864 cum
190 3803 309 3860 Clidemo
343 3811 370 3861 et
405 3799 574 3861 Phanodemo
602 3794 789 3862 Ἀττθίδων
820 3803 970 3860 auctoribus
1004 3801 1176 3875 componitur,

107 3885 301 3966 Aristocratcs,
323 3884 482 3966 (Hipparchi
502 3887 588 3956 filius,
609 3885 801 3945 Laoouioorum
824 3892 927 3954 auctor,
948 3881 1085 3942 Plutarchi
1106 3883 1177 3953 tons,

110 4036 313 4058 ..ιι-ὸ...-

150 4136 197 4214 sti
214 4137 270 4184 mn
289 4137 361 4202 oona
376 4138 406 4185 m
430 4141 507 4199 opero
532 4139 562 4186 ru
584 4127 656 4199 sepi.
679 4137 790 4199 perure.
815 4139 911 4198 coyro
932 4135 991 4188 eurr,
1011 4135 1068 4190 aso,
1085 4131 1179 4187 irexo-

107 4216 242 4271 νονμινος
259 4203 360 4254 utemur.
1269 4211 1273 4216 ·
