2898 4754
275 325 300 396 8

236 481 239 504 ⁸
276 505 390 581 speciem
411 504 436 560 is
457 501 576 579 praebet,
607 502 651 576 qut
672 503 794 558 annotate
816 487 858 556 οιί
879 491 1001 558 δεῖ...
1015 487 1245 570 ὑποθέσεως.
1288 501 1349 562 Sed

276 586 342 649 haec
371 590 506 646 annotatio
532 588 654 661 quoniam
683 581 717 640 ad
745 589 827 639 totam
855 583 1010 639 sententiam
1038 587 1164 658 pertinet,
1196 587 1230 642 ab
1257 587 1347 646 altero

276 690 381 742 eorum,
405 675 449 747 qui
469 689 561 728 vocem
583 657 823 746 ἐμασχαλίσθη
851 667 1013 741 explicantes
1040 686 1106 724 voce
1128 659 1239 738 ἄλλως
1260 669 1349 730 adclu-

277 762 384 824 cuntur,
410 756 542 846 profecta
547 771 613 810 esse
641 759 745 848 potest,
773 751 805 806 ah
833 749 979 824 iisdemque
1001 769 1045 818 ea,
1075 771 1142 826 quae
1164 751 1199 810 ati
1219 773 1246 816 r.
1267 747 1348 818 446

205 853 209 860 ’
278 837 410 915 adscripta
435 839 469 896 acl
499 827 591 916 κάρᾳ
618 815 761 905 νηλίδας
785 821 941 932 ἐξέμαξεν
964 838 1087 910 pertinet.
1128 835 1242 894 Restant
1262 841 1349 916 igitur

278 921 330 980 duo
362 921 522 980 scholiastae
552 921 716 1000 antiquitatis
745 921 831 994 specie
857 917 957 986 incluti,
986 937 1055 976 unus
1076 923 1220 989 recentior,
1246 921 1348 981 deindo

276 1014 430 1082 excerptor,
460 1005 571 1079 (lenique
593 1006 764 1078 epitomator,
786 1005 831 1077 qui
852 1010 999 1078 excerptam
1021 1006 1261 1080 interpretationem
1284 1025 1348 1064 cum

277 1094 389 1164 antiqua
409 1108 455 1164 per
476 1081 513 1144 δέ
535 1089 679 1164 conjunxit,
701 1093 835 1162 postremo
858 1086 988 1154 librarius,
1011 1089 1063 1160 qui,
1082 1105 1160 1162 quum
1182 1087 1348 1148 scholiastae

277 1191 369 1230 omnes
401 1160 558 1250 ἐξέμαξεν
585 1171 724 1239 haberent,
763 1170 878 1230 lemma
891 1161 1092 1268 ε’ξαίμαξεν,
1122 1170 1193 1246 quod
1221 1171 1274 1230 La.
1302 1194 1347 1250 pr.

276 1258 398 1333 praehet,
422 1259 552 1332 apposuit.

276 1375 278 1382 ι
360 1339 439 1397 Velut
467 1339 510 1396 hic
537 1338 589 1396 cluo
623 1342 784 1396 vetustiores
811 1346 838 1396 et
870 1357 939 1396 unus
965 1341 1109 1408 recentior,
1143 1341 1183 1397 sic
1210 1337 1245 1396 ad
1274 1339 1347 1402 uec.

276 1421 336 1482 cot.
355 1417 426 1482 515.
446 1423 500 1480 duo
522 1427 680 1482 recentiores
702 1431 729 1479 et
749 1442 818 1480 nnus
839 1427 969 1480 vetustior
989 1426 1118 1516 interpres
1141 1433 1346 1519 componuntur.

275 1507 315 1564 Ibi
332 1525 409 1582 quum
427 1509 487 1564 libri
506 1509 626 1564 obstante
643 1513 725 1563 ιιιοιιο
728 1509 897 1604 praebeant:
918 1497 966 1583 μῆ
982 1498 1065 1586 πρὸς
1081 1496 1190 1576 ξενίας
1209 1498 1347 1591 α’νοίξης

284 1583 353 1660 Τοῖς
373 1586 444 1660 σῆς.
477 1579 685 1676 uteorum
668 1606 728 1668 εργ
728 1580 906 1684 ἀναιδῆζ

274 1677 374 1751 primus
390 1679 519 1750 interpres
534 1681 659 1740 annotat:
682 1664 747 1745 Mt}
767 1667 850 1751 πρὸς
864 1665 926 1744 τῆς
943 1665 1006 1743 σῆς
1026 1661 1133 1742 ξενίας
1151 1663 1347 1757 α’ναπτύξης

273 1773 339 1858 μου
360 1751 405 1814 τοί
425 1748 590 1830 αναιδῆ”
572 1773 664 1834 eppa.
709 1755 792 1819 Quem
808 1757 943 1850 Remigius
960 1755 1178 1858 Hermapuusque
1191 1755 1252 1826 τοῖς
1267 1757 1346 1828 σοῖς,

274 1829 300 1897 11
325 1833 483 1916 πέπονθ’,
511 1835 653 1912 α’ναιδῆ,
683 1860 733 1918 ego
759 1861 822 1898 vero
852 1836 911 1910 τᾶς
932 1833 1012 1908 σῆς,
1040 1833 1065 1898 ἁ
1060 1832 1250 1909 ’πέπονθᾋ
1273 1832 1347 1920 ἔργ’

274 1916 401 1996 ἀναιδῆ
421 1881 520 2000 legisse
541 1928 663 1984 arbitror.
713 1921 792 1985 Quot
814 1929 947 1980 sinerum
970 1929 1019 1992 est,
1041 1929 1158 1982 servavit
1174 1927 1219 1982 ille
1239 1927 1346 2000 quidem

273 2009 355 2063 rerba
392 2007 467 2062 libris
500 2009 659 2082 integriora,
697 2005 746 2062 scel
780 2025 871 2062 rocem
898 1996 982 2099 ἔργα
1015 2011 1129 2065 numeris
1157 2009 1344 2086 refragantem,

276 2107 343 2164 quae
365 2091 424 2146 sine
446 2088 523 2145 duhio
546 2091 730 2188 antiquissima
751 2087 843 2164 glossa
869 2087 904 2144 ad
925 2079 1052 2160 οἷναιδῆ
1077 2102 1144 2161 erat,
1164 2093 1218 2169 jam
1241 2092 1344 2156 habuit.

275 2171 316 2230 Ab
337 2171 389 2228 hoc
413 2191 461 2248 per
481 2190 503 2244 η
528 2161 632 2239 οὕτως
654 2173 720 2228 alter
741 2175 870 2266 ipterpres
885 2179 1028 2246 separatur,
1051 2167 1197 2233 annotans:
1219 2169 1266 2254 μῆ
1285 2174 1347 2246 τοῖς

274 2245 455 2335 προξενίας
476 2268 547 2314 σον
557 2245 649 2313 ow
632 2271 716 2332 εργοι
737 2244 860 2326 οἷναιδῆ
875 2247 1086 2340 καταγάγῃς.
1131 2258 1245 2322 tinem'
1233 2279 1288 2336 για
1309 2261 1346 2356 P.

232 2341 235 2346 '
274 2337 420 2434 Elmslejus
443 2339 627 2396 animadvertit
648 2328 825 2415 προξενίας
846 2335 945 2415 legisse
972 2359 1028 2396 curn
1052 2341 1110 2404 cod
1132 2342 1213 2402 Farn.
1236 2352 1263 2400 et
1285 2361 1349 2414 τας

276 2412 345 2490 σοίς
365 2441 423 2480 cum
444 2423 508 2485 Par
530 2443 555 2484 a.
576 2425 612 2483 b..
622 2423 646 2483 t.
669 2422 742 2483 llicc
763 2424 807 2491 1ι.;
836 2431 862 2480 et
889 2426 928 2481 ita
949 2421 1067 2494 scholia,
1097 2445 1162 2500 quae
1182 2430 1284 2482 minora
1289 2423 1346 2486 (11-

275 2515 385 2564 cuntur·
415 2522 465 2604 γρ.
494 2523 545 2604 μη
570 2495 747 2587 προξενίας
775 2498 838 2574 τοὶς
864 2497 935 2574 coir.
978 2507 1031 2564 Sed
1060 2517 1194 2606 praeterea
1215 2529 1293 2582 quum
1318 2520 1348 2569 et

274 2589 332 2666 ipse
353 2580 376 2646 ἁ
372 2579 545 2649 πέπονθ’
565 2589 672 2657 babuit,
694 2589 846 2684 (conjunxit
867 2593 936 2646 enim
960 2579 1067 2684 ἐ’ργα
1064 2600 1091 2648 et
1112 2583 1264 2668 α’ναιδῆ,)
1286 2601 1345 2652 tum

275 2666 405 2755 ἀνοίξῃς
432 2675 511 2748 legit,
543 2677 665 2746 quoniam
695 2663 832 2752 ανοίξῃς
859 2691 906 2747 per
934 2666 1130 2757 καταγάγῃς
1157 2679 1347 2752 interpretatus

277 2774 337 2816 esse
360 2775 412 2811 uon
434 2763 537 2830 potest3
559 2755 607 2810 illa
629 2761 715 2810 autem
736 2753 820 2812 rerba
840 2775 1033 2832 nonnumquam
1056 2767 1255 2827 consumantur,
1271 2763 1349 2820 velut

276 2836 331 2898 Th
359 2830 492 2915 Bergk'
484 2857 511 2894 nn
540 2829 891 2908 mus.Rhen.a.1842
917 2859 943 2916 p.
966 2835 1017 2901 96.
1038 2837 1243 2914 Aristophani
1235 2861 1262 2898 ιιι
1286 2863 1346 2904 ran.

277 2915 369 2980 1⁰11.
392 2929 465 2982 acute
488 2910 587 2992 θ’ξεις
607 2939 654 2997 pro
676 2909 787 2992 ε’ίξεις
787 2923 914 2984 restituit.
946 2923 1060 2983 Secundi
1080 2925 1161 3000 igitur
1183 2932 1347 2988 enarratoris

276 3005 350 3062 illius
372 3005 451 3062 lectio
473 3013 514 3062 est
535 3004 615 3062 haec:

427 3121 475 3181 μη
467 3091 672 3186 προξενίας
694 3092 905 3251 α’νοίξῃςδτδς
926 3099 1009 3184 σοίς,
1035 3099 1059 3166 ἁ
1052 3099 1247 3183 πέπονθ’,
1276 3101 1350 3192 ἑργ

734 3183 815 3253 α’γαι
840 3209 858 3264 η

276 3291 379 3347 Similia
406 3289 493 3367 proiit
521 3292 629 3348 tertius:
655 3283 757 3349 οἱονεὶ
790 3279 840 3387 μη
868 3283 960 3350 sarci
987 3283 1050 3362 τῆν
1075 3281 1254 3369 προξενίαν
1283 3288 1348 3364 τῆν
1415 3353 1418 3362 ,

278 3363 343 3442 οῆν
365 3363 480 3468 ἔργον
489 3368 597 3450 γένοιο
600 3365 806 3514 ἕφαύλωΓ
783 3367 973 3522 ακροατῆς,
993 3367 1183 3447 αναπτιίξαι
1198 3371 1255 3433 καὶ
1277 3394 1349 3456 φοι-

278 3447 416 3533 νερῶσαι
438 3449 483 3512 τοί
505 3449 1165 3576 ναΝὲμὲβονληθείς.11111ιιιοιιο11ς11ιιι

429 3546 495 3629 μῆ,
529 3475 747 3651 προξενίας,
747 3545 916 3652 ἀνοίξας,
942 3572 1003 3624 τας
1032 3571 1110 3632 σας,
1140 3549 1165 3616 δι’
1189 3551 1348 3628 πέπονθ’,

737 3627 806 3717 ε’ργ
826 3619 958 3711 αναιδῆ

277 3736 339 3794 lino
361 3739 442 3815 igitur
469 3736 604 3806 homines,
634 3741 678 3812 qui
699 3727 871 3820 προξενίας
892 3739 1051 3808 habuerunt,
1080 3739 1203 3799 ridentur
1225 3746 1347 3816 quamvis

278 3823 456 3895 ineptissime,
479 3812 562 3902 πρός
582 3823 756 3920 supplevisse,
776 3833 803 3881 et
820 3827 925 3881 omnino
944 3827 1155 3900 corruptionibus
1178 3828 1234 3882 suis
1257 3835 1347 3882 osten·

279 3901 359 3970 dunt,
381 3925 411 3962 se
432 3907 538 3982 longius
560 3926 576 3962 a
597 3909 680 3982 primo
707 3907 780 3964 fonto
809 3907 924 3985 dista-m
951 3926 1002 3982 quo
1029 3911 1157 3985 integrior
1182 3911 1281 3984 primus
1304 3919 1348 3966 est

279 3989 424 4062 interpres,
445 4007 477 4044 eo
499 3997 541 4046 est
561 3993 700 4048 vetustior.

315 4085 458 4144 'Plures
487 4087 646 4147 scholiastae
675 4109 803 4166 nusquam
833 4097 968 4167 apparent.
1011 4090 1066 4149 Sed
1095 4093 1201 4148 obstant
1230 4090 1349 4148 diflicilia

281 4166 384 4228 scholia
407 4169 442 4230 ιδ
462 4179 574 4230 vexatos
595 4174 659 4231 illos
681 4172 829 4252 Antigonae
849 4189 944 4230 versus
965 4167 1038 4236 5⁰8
1051 4195 1143 4250 sequ:
