2898 4748
1020 263 1036 295 Ι

262 323 331 394 228

266 497 395 558 Neutrum
428 499 516 548 tomen
545 490 612 546 satis
639 484 782 562 verisimile
811 489 866 548 est,
900 480 1054 554 praesertim
1087 493 1169 550 quum.
1197 495 1213 529 a
1246 483 1345 531 nostro

269 586 328 639 loco
356 580 446 635 variae
472 573 545 630 illius
572 573 701 628 lectionis·
723 588 756 624 ne
787 567 919 622 sententia
945 557 1048 638 quidem
1078 563 1114 616 sit
1142 558 1240 618 aliena.
1293 558 1349 614 Est

271 668 340 723 enim
362 661 444 718 baec:
474 656 584 733 Apollo,
615 666 645 711 ut
667 652 761 715 decet,
784 649 852 706 banc
873 665 979 703 creusam
1002 651 1094 702 contra
1115 645 1262 699 occisorem
1285 661 1346 705 ora·

270 750 329 806 culo
359 765 407 804 suo
435 745 539 800 institui
561 742 653 816 jussit.
701 733 772 791 Nam
799 734 878 814 rerba
907 721 1010 802 α’ξὶως
1037 721 1074 784 δὲ
1106 715 1147 785 σύ
1181 729 1346 799 interposita

271 850 324 890 non
348 827 429 886 raldo
458 823 602 884 offendunt.
647 820 734 885 (lucre
764 837 819 875 eam
849 823 964 872 actomm
994 814 1164 869 mutationem
1196 811 1281 866 fuisse
1307 829 1346 864 ar·

273 919 369 982 bitror,
391 931 443 987 qua
464 912 608 966 litterarum
630 906 791 962 sibilantium
815 900 1036 958 coacervationem
1060 899 1203 973 evitarent,
1226 892 1349 966 id‘quod

275 1003 381 1075 saepius
403 997 503 1054 factum
526 1011 585 1049 esse
607 991 674 1047 satis
696 995 786 1044 notum
809 992 859 1071 est.

342 1111 387 1168 Ad
417 1107 534 1187 ejusdcm
564 1106 669 1164 fabulae
693 1123 720 1159 v.
752 1095 830 1170 153,
858 1102 901 1158 ubi
924 1088 1058 1174 δείματι
1081 1084 1221 1154 πάλλων
1241 1095 1349 1164 legitur.

275 1215 352 1272 quum
379 1186 413 1256 οἵ.
440 1209 471 1253 τ.
499 1179 718 1270 πάλλόμενοςὶ
739 1176 840 1267 φόβῳ
869 1191 1026 1250 annotatur,
1058 1190 1112 1238 tum
1143 1194 1195 1257 γρ.
1219 1171 1349 1253 πολλῷ,

277 1281 309 1336 de
337 1297 388 1352 quo
411 1275 488 1334 docte
508 1275 603 1332 Elmsl.
622 1273 726 1341 „fuisse
748 1269 901 1336 videntur,“
932 1270 1029 1342 inquit,
1060 1265 1173 1338 „quibus
1196 1261 1349 1336 displiceret

276 1353 413 1421 πάλλων
434 1362 540 1436 passivo
563 1359 671 1416 sensu.“

339 1478 384 1538 Dc
404 1497 431 1534 r.
452 1469 516 1536 906
536 1496 563 1533 r.
585 1474 620 1532 ll.
643 1493 699 1550 cap.
723 1467 751 1532 l.

339 1595 400 1672 lpse
421 1608 483 1651 reru
505 1597 635 1669 interpres
657 1593 812 1648 mutationis
834 1605 939 1646 causam
962 1589 989 1642 in
1009 1581 1102 1660 Antig.
1124 1603 1150 1639 r.
1172 1573 1262 1654 ⁴154„

478 1678 559 1788 ὦρτ’
580 1683 741 1772 ἄγραπτα
764 1679 929 1770 κάσφαλῆ
950 1675 1044 1744 θεῶν

485 1790 614 1856 νθμιμα

1435 1175 1440 1388 i

1435 1447 1440 1728 t

278 1885 393 1957 spermit,
419 1887 563 1937 annotans:
604 1867 697 1970 Τινές
717 1845 801 1956 macc
825 1865 868 1932 roi
889 1831 1034 1954 γραρτά.
1083 1858 1131 1927 ori
1153 1859 1228 1946 γιιέρΙ
1243 1853 1353 1943 ἄγρα-
1431 1759 1440 1988 ι

279 1981 341 2044 φοι
361 1957 426 2023 τῶν
446 1955 539 2021 θεῶν
561 1953 594 2018 oi
615 1975 724 2038 νομοι.

343 2079 412 2137 Tum
434 2082 462 2136 in
483 2075 546 2134 Ant.
569 2069 651 2136 1270
671 2074 785 2152 legitur:

435 2187 533 2268 Χορ.
555 2181 625 2267 οἴμ’
646 2181 686 2259 ὥς
709 2180 822 2258 ’ἔοικας
844 2179 908 2269 ὀψὲ
931 2182 993 2260 τήν
1015 2179 1118 2261 δίκην
1146 2175 1240 2245 ἰδεῖν.

433 2271 582 2356 Κρέων.
604 2265 666 2353 ἔχω
687 2265 813 2354 μαθών
836 2268 990 2356 δείλαιος.
1283 2275 1286 2283 ‘

280 2395 324 2456 Ad
357 2385 442 2454 ἰδεῖν
474 2402 560 2452 autem
587 2407 640 2472 γρ.
670 2379 757 2471 ἔχειν
787 2390 946 2468 adscriptum
975 2398 1029 2457 est,
1064 2397 1090 2445 et
1120 2389 1151 2445 ab
1184 2407 1216 2444 eo
1247 2387 1353 2481 quidem

281 2485 470 2558 grammatico,
499 2483 559 2554 qui,
594 2485 624 2532 ut
653 2475 755 2536 Wund.
786 2476 818 2532 de
850 2475 934 2532 schol.
963 2493 989 2550 p.
1017 2465 1059 2532 23
1088 2473 1208 2548 conjicit,
1244 2461 1307 2551 ἔχω
1336 2491 1354 2527 a

282 2554 410 2641 μαθών
431 2563 583 2620 distinctum
605 2579 652 2636 pro
670 2559 793 2617 Creontis
815 2579 943 2638 responso
966 2557 1066 2625 habuit,
1088 2555 1199 2630 ideoque
1220 2560 1250 2612 in
1270 2561 1350 2612 inter-

281 2651 417 2724 rogatione
439 2665 541 2720 quoque
561 2643 630 2702 idem
651 2645 757 2700 verbum
781 2643 950 2702 desiderarit.

314 2850 319 2860 Ι
344 2762 457 2859 Restant
483 2761 594 2836 deniqne
623 2765 746 2834 quattuor
772 2762 936 2837 conjecturae
962 2763 992 2817 in
1018 2755 1105 2818 scbol.
1135 2755 1202 2816 Oed.
1226 2753 1347 2824 Colonei,

281 2863 366 2919 prima
387 2863 416 2900 m

295 3015 316 3100 ‚d
345 2958 448 3104 scllllss
459 2978 486 3016 r.
514 2951 567 3030 59,
600 2957 633 3016 de
661 2977 712 3034 qua
739 2963 767 3044 in
792 2955 820 3034 p'.
845 2958 880 3015 ll.
904 2979 961 3036 cap.
982 2953 1013 3020 4.
1036 2953 1063 3039 ξ
1088 2955 1116 3020 l.
1139 2963 1196 3037 egi3
1231 2957 1347 3017 secunda

282 3062 297 3100 a
338 3063 370 3101 r..
456 3061 464 3102 τ

726 3117 742 3183 e‘
771 3115 826 3184 'de'
997 3171 1002 3186 ,

434 3203 473 3272 ro*
496 3202 629 3292 πρῶτον
648 3195 723 3270 ἵκου
741 3143 801 3269 dat
823 3143 1049 3293 {otiosumne
1068 3205 1178 3271 πέδον.

281 3331 321 3388 lbi
350 3347 429 3404 quum
460 3330 527 3386 alter
554 3338 742 3388 commentator
762 3329 890 3386 lectiones
914 3323 1140 3404 κατέστειψας
1161 3327 1212 3400 (cf.
1235 3327 1271 3385 11.
1293 3347 1352 3404 cap.

283 3407 329 3486 6.)
352 3420 377 3469 et
399 3407 617 3492 κατέστεψας
639 3419 884 3480 commemorasset,
912 3413 978 3469 alter
999 3417 1137 3488 apposuit:
1170 3427 1223 3490 γρ.
1248 3406 1355 3470 κατά-

282 3503 429 3574 στεψον,
456 3498 577 3608 ‘„quee,“
604 3503 644 3551 nt·
661 3493 754 3576 Herm.
782 3497 834 3563 ait,
861 3499 973 3572 „aperta
1000 3503 1043 3553 cst
1068 3495 1217 3570 emendatio
1240 3497 1354 3572 alicujus

281 3583 453 3656 pneumatici.
465 3581 473 3609 ‘

344 3693 421 3752 Hauc
454 3709 516 3752 sero
544 3697 683 3770 genuinam
711 3695 867 3768 scripturam
897 3713 958 3756 ense
984 3698 1044 3756 fuse
1072 3696 1174 3756 Wund.
1207 3693 1240 3754 de
1267 3695 1354 3755 schol.
1437 3703 1438 3710 ’

281 3797 308 3852 p·
331 3773 450 3838 7-12
471 3775 609 3834 ostendere
631 3775 747 3842 studuit,
776 3776 889 3835 haerens
911 3783 939 3837 in
961 3781 1055 3856 quibus
1077 3800 1130 3840 non
1152 3781 1277 3850 debebat,
1300 3801 1354 3839 non

281 3858 393 3920 haerens
414 3866 443 3919 in
465 3863 558 3936 quibus
579 3857 689 3928 debebat
710 3859 752 3914 rel
773 3865 895 3919 niaximc.

344 3976 428 4034 Porro
450 3971 513 4037 683
534 3976 643 4050 legitur:
667 3965 872 4051 Νάρκισσος,
893 3970 1064 4058 percitam
1081 3975 1195 4040 ’θεαῖν

480 4053 621 4139 ἀρχαῖον
642 4048 847 4137 στεφάνωμ’,
