2874 4758
80 497 197 590 φράζω
220 501 340 573 obstant,
371 527 422 546 -·
441 511 487 560 aut
519 504 709 581 conjunctivum
743 497 799 590 ἴῃ,
834 505 867 564 ad
893 527 968 584 quem
997 509 1143 572 similitudo
1205 529 1211 539 ·

80 595 166 646 variae
199 588 260 646 lect.
287 578 341 657 εἴη
369 585 443 644 ducit
471 593 498 644 et
531 607 607 663 quern
644 607 735 646 omnes
770 608 839 647 nunc
871 603 1035 669 receperunt3
1065 617 1144 674 saepe
1222 649 1224 655 ,

80 679 147 730 enim
176 675 263 729 minus
290 679 410 727 accurate
436 671 521 728 alirrm
544 671 649 730 modurn
678 673 730 730 alno
751 676 864 752 interpp.
887 678 1059 752 explicarunt.
1101 680 1144 738 Cf.
1230 719 1234 726 -

79 766 146 834 part.
168 758 264 834 prioris
286 773 343 830 cap.
364 745 395 813 4.
417 753 458 830 (p.
480 749 549 827 30.)
928 757 933 762 '

159 865 236 950 ¹166.
279 863 611 964 θηροβολοῡντα....
632 861 817 957 στυγερόν
837 871 1029 960 στυγερῶς.
1075 842 1079 849 ¹

51 1047 54 1054 Δ
79 988 170 1050 Schol.
191 977 364 1060 ἐπιπόνως,
384 987 454 1046 unde
474 987 639 1056 Brunckius,
661 1007 736 1065 quem
757 989 849 1060 Herrm
871 990 954 1050 Diod.
975 991 1077 1052 Wuud.
1099 995 1147 1053 alii

79 1077 165 1132 secuti
191 1081 267 1140 sunt,
301 1063 468 1151 σμυγερόν
494 1059 663 1150 σμυγερῶς
688 1071 772 1140 dedit,
799 1077 860 1149 quia
881 1074 971 1134 endem
992 1081 1093 1134 ratione
1114 1098 1147 1138 ea

79 1177 134 1214 vox
162 1157 193 1213 ab
219 1153 354 1229 Hesychio
388 1146 500 1230 aliisque
527 1157 710 1232 explicaretur.
752 1156 853 1216 Eodem
885 1157 984 1218 ducunt
1018 1161 1146 1236 quaedam
1220 1177 1223 1184 '

78 1239 159 1317 hujus
180 1259 275 1296 versus
296 1240 441 1316 glossaea
461 1239 595 1303 Brunokin
617 1239 722 1297 allatae.
766 1241 820 1298 Sed
841 1235 1018 1327 σμυγερῶς.
1031 1247 1060 1301 in
1080 1245 1144 1302 lem·
1254 1275 1256 1278 ·
1313 1237 1318 1243 ’

79 1333 149 1382 mate
171 1321 265 1380 scholii
286 1343 338 1380 non
361 1341 422 1380 erse
443 1321 606 1380 Dinderfiuin
630 1321 715 1380 dicore
743 1326 781 1382 ait
801 1323 909 1394 Herm„
942 1345 1096 1402 quamquam
1116 1327 1147 1388 id

78 1408 167 1484 ipsum
183 1409 240 1484 jorn
261 1425 296 1464 ex
315 1405 413 1465 Elmsl.
433 1405 549 1465 editione
571 1425 729 1486 cognoscere
749 1411 868 1484 peterat,
895 1409 941 1486 qni
967 1409 1084 1470 lemmati
1105 1413 1147 1469 illi

78 1510 176 1552 imnum
198 1490 304 1568 adjecit.
1045 1491 1049 1496 '

158 1600 237 1684 177.
280 1588 484 1682 deciduae
505 1598 691 1682 θνητῶν,

273 1669 319 1744 Ὦ
341 1681 496 1746 δύστανοι
515 1683 593 1762 γένη
615 1681 756 1768 βροτῶν..

142 1765 259 1830 Antion.
281 1763 305 1826 oi
327 1760 358 1829 δ’
382 1753 625 1848 άθνρόστομος

274 1844 356 1932 Ἅχῶ
378 1846 571 1930 τηλεφανής
592 1845 720 1939 πικρᾶς

79 1962 224 2044 Θνητῶν
244 1972 326 2046 igitur
346 1967 527 2044 antistrophae
549 1989 602 2026 non
624 1968 774 2044 respondet,
797 1964 877 2044 quar'e
899 1967 992 2028 Herm.
1014 1963 1148 2052 οἷθνρὸ-

78 2051 231 2129 γλωσσος
259 2056 380 2127 scripsit3
411 2051 459 2110 sed
489 2055 582 2108 vitium
610 2057 639 2110 in
652 2047 803 2126 ,θνητῶν
822 2052 927 2110 videtur
952 2055 1051 2126 latere,
1080 2077 1147 2132 quae

79 2153 136 2196 vox
149 2141 264 2195 omnino
285 2137 333 2191 vix
354 2143 415 2210 apta
436 2142 485 2192 est.
516 2133 583 2197 (luis
605 2140 683 2206 enirn,
704 2140 730 2194 si
749 2135 844 2194 iisdem
868 2137 900 2194 de
921 2143 1043 2214 personis
1057 2136 1148 2198 eadem

80 2227 109 2280 in
131 2221 269 2278 seutentie'
286 2234 371 2276 sermo
395 2225 448 2286 est,
470 2219 511 2274 bis
534 2221 727 2276 substantivum
748 2214 851 2296 ponet?
893 2221 930 2277 Et
950 2221 1002 2279 hoc
1022 2229 1080 2280 sine
1102 2223 1148 2280 du·

82 2309 125 2363 bic
148 2301 356 2360 d.··Buecklrius
377 2303 471 2369 sensit,
493 2300 526 2358 de
548 2307 623 2360 metr.
645 2303 725 2360 Pind.
746 2323 772 2379 p.
790 2298 863 2362 323.
876 2299 1003 2383 βροτῶν
1019 2308 1148 2366 scribens.

84 2391 147 2464 quia
169 2391 257 2462 inepta
279 2394 351 2443 esset
373 2385 521 2461 elegantia,
549 2383 619 2458 quod
639 2389 668 2442 iu
690 2385 791 2442 duabus
812 2386 868 2441 illis
888 2389 998 2443 vocibus
1018 2392 1149 2444 variatum

84 2477 168 2532 esset.
211 2469 319 2546 Duplex
339 2487 402 2525 vero
425 2459 555 2548 βροτῶν
575 2486 608 2524 ne
630 2472 716 2543 ipsum
738 2466 842 2542 quidem
871 2473 938 2524 satis
956 2469 1065 2546 elegeos
1088 2490 1149 2528 esse

84 2553 158 2611 haud
177 2555 276 2610 in‘uste
299 2553 334 2610 G.
356 2547 449 2608 Herm.
471 2553 581 2606 monuit.
613 2549 790 2616 Omittendum
813 2553 901 2626 potius
924 2558 980 2619 erat
999 2545 1149 2630 θνητῶν,

85 2641 123 2694 ita
143 2644 174 2694 ut
194 2575 325 2716 pleinteim
346 2633 380 2693 ad
400 2639 539 2708 utrumque
553 2637 716 2690 enunciatum
735 2637 889 2710 pertineret.
912 2625 1049 2706 Θνητῶν
1063 2643 1149 2694 autem

87 2722 180 2798 glossa
195 2729 239 2776 aut
260 2719 295 2776 ad
315 2711 446 2796 βροτῶν
466 2723 531 2785 erat,
559 2720 610 2774 etsi
632 2721 698 2774 satis
719 2718 835 2785 inutilis,
857 2724 903 2774 aut
923 2713 959 2774 ad
979 2709 1151 2798 ιιαλοὶμαι,

88 2804 219 2884 adscripta
238 2809 269 2860 ut
291 2806 430 2868 sciremus,
449 2801 524 2876 eujus
546 2799 695 2858 dicerentur
715 2819 817 2859 manus.
840 2799 927 2876 Atque
949 2799 1077 2878 glossam
1089 2823 1150 2880 pro·

89 2887 127 2945 dit
148 2888 191 2944 vel
214 2885 516 2960 dorismus'neglectus,
546 2888 591 2960 qui
617 2888 692 2942 etin
713 2883 764 2943 lroc
785 2879 900 2942 carruine
922 2891 1075 2964 constanter
1096 2905 1152 2945 ser·

53 2963 60 2974 '
88 2977 165 3030 vator
186 2978 214 3028 et
233 2973 293 3028 voci
315 2958 445 3042 θνητός
465 2979 693 3044 paene'uuuquam
707 2967 780 3026 deest
792 2973 821 3024 in
842 2969 952 3037 melicis,
967 2966 1018 3043 (cf.
1031 2967 1151 3028 Ellendt.

90 3073 112 3112 s.
134 3071 160 3112 u.
183 3041 315 3126 θνητός
336 3059 366 3108 et·
382 3056 412 3108 in
433 3053 487 3108 lex.
508 3051 563 3108 vol.
577 3051 615 3110 ll.
629 3053 711 3128 praef.
726 3073 752 3128 p.
765 3049 870 3125 XXll.)
891 3054 965 3110 velut
985 3056 1013 3110 in
1034 3057 1151 3115 numerio

89 3136 211 3215 logaoed.
233 3137 371 3194 adhibetur
391 3139 419 3192 in
439 3133 511 3192 Plril.
532 3129 605 3195 682.
629 3145 656 3192 et
677 3134 776 3192 Traeh.
801 3127 873 3195 128.

172 3255 232 3311 Jam
253 3257 336 3330 igitur
356 3271 389 3308 ea
408 3271 463 3308 vox
483 3255 623 3328 genuinam
653 3252 788 3326 expulisse
818 3245 948 3306 censenda
974 3248 1035 3306 erit.
1078 3247 1154 3313 Quae

92 3339 175 3413 qualis
198 3339 279 3394 fuerit
306 3356 340 3394 ex
367 3333 511 3392 scholiasta
532 3341 652 3409 apparet,
682 3337 727 3408 qui
754 3330 789 3388 ad
808 3351 834 3387 v.
859 3325 929 3390 177.
951 3331 1106 3408 adscripsit:
1128 3313 1155 3392 ῶ

91 3417 204 3500 τέχναι
227 3415 285 3478 καὶ
306 3413 442 3498 γνῶμαι.
484 3414 529 3473 Ad
558 3409 719 3507 παλάμας
746 3423 832 3472 autem
855 3421 963 3472 ’tantum
986 3418 1022 3512 pl.
1045 3411 1156 3514 τξγναι

91 3509 221 3581 pertinere
242 3512 348 3580 potest,
369 3521 422 3560 non
442 3501 522 3558 simul
544 3514 690 3578 γνῶμαι,
721 3519 773 3576 qua
792 3517 858 3556 voce
880 3507 925 3558 aut
950 3515 1038 3559 νοοι
1059 3517 1079 3557 τ
1110 3509 1156 3560 ant

93 3581 239 3670 φρένες
261 3577 290 3644 τ’
311 3587 467 3662 explicatum
489 3585 573 3640 fuisse
588 3587 720 3642 ¹arbitror.
763 3582 866 3641 Horum
891 3587 973 3661 igitur
1001 3585 1155 3644 alterutrum

16 3679 20 3697 “
94 3675 118 3728 si
139 3673 297 3748 reposueris,
320 3675 398 3745 quum
420 3671 576 3725 sententiam
598 3674 653 3724 turn
675 3676 784 3725 metrum
805 3669 909 3724 salvum
930 3666 1048 3724 habebis.
1085 3666 1156 3725 Nam

95 3773 176 3830 neque
196 3759 226 3812 in
243 3753 424 3836 ppostropho,
455 3769 520 3826 quae
550 3753 578 3807 in
599 3751 651 3808 fine
679 3753 801 3828 glyconei
822 3755 900 3808 etiem
922 3754 949 3806 iu
971 3749 1049 3826 hujus
1071 3752 1156 3826 lpsms

16 3823 19 3840 '
96 3838 197 3896 fabulae
218 3859 246 3896 v.
274 3831 365 3898 1082.
395 3827 486 3896 1146.
520 3827 611 3894 1167.
637 3835 734 3911 legitur
763 3843 790 3890 et
819 3833 886 3890 alias
908 3835 974 3890 setis
996 3833 1158 3909 frequenter,

96 3919 252 3979 haerendum
284 3929 340 3990 est,
372 3929 471 4000 nequod
488 3922 516 3976 iu
541 3917 668 3994 producta
695 3919 789 3982 ultima
814 3919 888 3974 vocis
915 3907 1158 3997 οἷῶνρόστομος
1195 3911 1196 3916 '

98 4005 211 4074 syllaba,
234 4009 356 4080 quoniam
378 4023 456 4079 quum
485 4004 601 4079 cujusvis
621 4020 746 4058 versuum
768 4003 874 4076 generis
895 4001 956 4070 syll.
979 4009 1096 4060 extrema
1117 4011 1159 4061 est

99 4106 199 4165 anceps,
221 4096 276 4166 turp
297 4091 326 4146 in
346 4089 491 4165 glyconeis,
504 4088 655 4157 systematis
677 4103 757 4160 saepe
776 4103 824 4160 pro
847 4091 965 4142 extrema
985 4086 1066 4162 longe
1084 4090 1157 4161 poni·

98 4177 141 4230 tur
167 4175 271 4242 brevis,
304 4171 333 4230 id
359 4169 432 4246 quod
457 4173 600 4246 probarunt
629 4168 671 4226 Co
688 4168 826 4233 Seidlerurr
856 4167 891 4226 ad
921 4169 987 4230 Eur.
1016 4169 1059 4226 ΕΙ.
1081 4157 1155 4226 2⁰7.

933 4263 955 4325 5
