2874 4758
1121 333 1204 401 77⁴

86 503 197 576 audiat,
228 525 280 562 non
311 507 398 561 statim
429 505 466 561 ita
488 505 633 582 intelligat:
662 502 740 562 lrrr‘cs
764 505 808 561 ille
830 513 858 563 ut
880 505 943 564 dous
966 495 1184 586 appropinqueris

42 643 45 650 ,
87 591 171 647 adest
194 592 324 656 omnibus,
347 593 365 649 i.
388 607 412 645 e.
434 586 583 646 hominihus
606 587 698 647 adesit
743 587 822 652 (huod
849 593 933 668 ipsum
956 589 998 648 hio
1020 601 1062 650 est
1082 597 1162 670 aptis-

84 677 198 734 simum.
243 671 346 737 Quodsi
368 671 453 734 schol.
475 673 555 750 legit:

245 773 288 850 ‘lc'
309 778 541 869 ὁχάλκασπις
563 777 649 869 οἷνιῖρ
672 782 757 860 θεὸς
777 781 912 849 πλάθει
932 771 1049 868 πᾶσιν,

84 907 145 966 lroc
167 905 201 964 ad
221 905 327 964 heroem
350 907 490 966 Herculem
512 911 631 982 pertinet,
654 909 696 981 qui
720 925 780 963 aras
802 927 865 964 suas
887 906 922 964 ad
936 907 1029 967 Oetam
1044 907 1162 980 habebat,
1226 973 1231 984 ¹

85 999 118 1050 et
141 991 193 1060 ibi,
224 998 255 1070 ut
275 991 315 1048 dii-
335 994 442 1049 omnino
463 995 490 1048 in
513 991 571 1048 suis
593 991 712 1066 templis,
740 993 799 1047 sine
820 990 898 1048 dubio
920 999 946 1048 et
967 995 1025 1068 ipse
1046 991 1163 1052 habitare

84 1079 171 1150 alque
191 1079 293 1131 versari
315 1077 462 1151 putabatur,
484 1078 572 1130 itaut
593 1075 754 1150 supplicibus
776 1074 891 1137 adesset.
918 1072 988 1132 Aras
1005 1068 1090 1134 autern
1104 1081 1162 1138 sire

84 1177 196 1217 sacrum
219 1157 329 1218 Herculi
356 1161 383 1216 ln
406 1159 474 1216 Oeta
494 1159 578 1214 luisse
599 1177 633 1214 es
654 1156 726 1218 Phil.
751 1151 842 1218 1431.
865 1167 1001 1234 apparet,¹
1016 1163 1061 1218 uhi
1082 1160 1161 1219 heros
1238 1223 1244 1236 ,

82 1242 267 1302 Philoctetam
289 1241 432 1299 adhortans
455 1245 505 1300 ait:
528 1230 551 1298 dl
573 1234 603 1299 δ’
619 1230 662 1300 ἂν
675 1232 781 1336 λάβῃς
791 1233 832 1300 σύ
844 1236 954 1302 σκῦλα
962 1283 1036 1313 .....
1057 1235 1163 1315 τόξων
1270 1289 1276 1304 .

82 1319 178 1403 ἐμῶν
203 1321 352 1404 μνημεῖα
380 1319 465 1404 πρός
491 1317 600 1404 πνροέν
627 1317 712 1402 ἐμήν
734 1319 859 1402 κομιζε.
904 1326 1017 1384 Οιιιιιίιιο
1039 1347 1115 1386 sacra
1137 1333 1162 1386 ci
1280 1381 1285 1388 .

84 1416 149 1468 erat
179 1408 260 1478 Oeta,
277 1409 433 1484 'Oetaeipue
455 1429 514 1468 oum
535 1410 735 1481 venerabantur.
777 1408 820 1470 Cf.
842 1407 1037 1468 Waohsruuthii
1059 1417 1161 1486 antiqq.

84 1495 188 1550 Graec.
210 1493 245 1554 11.
267 1489 297 1551 2.
314 1490 345 1570 'p.
370 1487 440 1554 156.
469 1493 537 1550 Tum
561 1491 795 1566 Thermopylarum
818 1512 899 1568 aquas
920 1492 1162 1570 tepidaseisacras

84 1578 177 1634 luisse
200 1577 286 1638 Strab.
308 1577 358 1635 lX.
379 1597 406 1652 p.
428 1569 491 1640 655
512 1581 642 1641 testatur,
664 1584 690 1633 et
712 1574 812 1631 Herod.
834 1569 863 1636 7.
887 1570 956 1643 176,
979 1577 1012 1634 de
1033 1577 1161 1636 Thermo·
1284 1623 1287 1633 ,

80 1662 159 1736 pytis
182 1659 288 1717 diceres
313 1648 384 1716 ’ἐστι
406 1653 442 1715 δὲ
463 1652 499 1715 ἐν
520 1654 559 1740 τῇ
578 1648 681 1740 &stop
704 1649 810 1738 ταύτῃ
833 1651 950 1737 θερμά
972 1653 1162 1737 decemb...
1210 1685 1212 1690 ¹

82 1739 152 1800 καὶ
173 1735 287 1820 βωμὸς
306 1729 441 1818 ἵδρυται
460 1733 659 1820 Ἡρακλέους
679 1728 728 1796 ἐπ’
749 1733 890 1798 αὐτοῖσι.
921 1735 1101 1804 Quin'r‘ootes
1122 1745 1163 1802 illi

83 1827 332 1900 Thermopylarum
354 1821 478 1880 Herculis
501 1841 581 1880 causa
602 1825 730 1898 procreati
744 1841 803 1880 esse
816 1825 989 1880 narrabantur
1000 1819 1162 1902 (ol.Wund.

78 1914 114 1968 in
140 1908 184 1965 ed.
207 1906 306 1980 'l'rach
327 1928 354 1983 p.
376 1899 434 1978 59)
457 1925 598 1980 eorumque
620 1904 700 1962 heros
721 1907 842 1962 tutelaris
864 1910 1013 1964 nominatur
1031 1908 1161 1966 ab0eno·

81 2012 150 2050 mac
174 1996 202 2047 in
223 1991 322 2047 Euseb.
345 2009 463 2066 praepar.
486 2001 580 2065 evang.
601 1987 634 2047 V.
657 1985 709 2046 22.
751 1987 845 2064 Neque
868 1991 1083 2060 obliviscendum,
1105 2013 1159 2050 oru-

83 2096 139 2134 nes
170 2078 276 2130 omnino
305 2075 393 2130 fontes
422 2071 526 2148 tepidos
555 2064 732 2150 αὐτοφυῶς
761 2077 910 2130 emanantes
939 2073 1049 2133 Herculi
1077 2077 1161 2134 luisse

83 2177 191 2218 sacros.
241 2157 292 2213 llla
326 2155 416 2213 divina
447 2164 533 2212 autem
563 2155 686 2212 Herculis
718 2161 866 2231 praesentia
896 2164 928 2214 eo
956 2163 1043 2234 aptius
1073 2179 1160 2218 coram

85 2242 296 2301 Atheniensibus
318 2241 580 2306 commemorabatur,
610 2238 678 2314 quud
701 2238 729 2295 lri
750 2244 848 2314 primos
870 2259 901 2298 se
924 2240 1030 2300 Herculi
1054 2243 1159 2300 divinos
1272 2261 1276 2268 ’

86 2326 207 2384 honores
229 2326 381 2400 praebuisse
399 2324 543 2400 jactabant,
565 2321 661 2392 (Diod.
683 2315 713 2380 4.
735 2317 801 2398 89.)
824 2331 850 2379 et
872 2323 942 2398 quod
964 2333 1087 2402 perpetuo
1105 2345 1159 2384 rna·

88 2414 163 2470 xinre
184 2427 242 2465 eum
263 2409 465 2467 venerabantur.
488 2404 566 2462 101.
588 2404 711 2462 Muelleri
732 2405 799 2462 Dor.
821 2405 856 2461 ll.
878 2425 904 2480 p.
925 2399 1014 2479 438.)

177 2493 292 2552 Divinus
315 2495 396 2568 igitur
417 2491 463 2546 illo
484 2492 568 2566 ignis,
595 2507 647 2562 quo
669 2487 789 2562 splendet
810 2487 953 2553 Hercules,
979 2492 1030 2566 jam
1052 2511 1105 2549 non
1128 2493 1163 2548 od

88 2595 198 2655 rogum,
228 2577 277 2632 sed
299 2575 333 2631 ad
346 2573 520 2650 splendorem
542 2573 600 2647 eJ'ue
622 2571 763 2628 coelestem
784 2574 911 2644 pertinet,
934 2571 963 2628 id
984 2572 1055 2648 quod
1075 2579 1163 2634 sensit

59 2725 65 2735 ,
86 2663 143 2738 jam
167 2659 321 2718 scholiasta.
345 2689 384 2700 -
407 2655 461 2714 Sed
483 2658 533 2713 erit
555 2656 685 2722 fortasse,
708 2658 751 2728 qui
774 2653 879 2730 fulgura
899 2657 1048 2732 significari·
1061 2658 1161 2728 credat,

90 2747 187 2820 quihus
215 2743 343 2800 llercules
371 2743 519 2798 incesserit.
548 2737 638 2795 ·Nam
665 2741 702 2806 is,
735 2741 780 2814 qui
805 2757 863 2794 eum
893 2739 986 2798 fortem
1014 2745 1162 2802 meminerit

91 2829 134 2886 dei
161 2831 279 2886 tonantis
308 2827 518 2904 fulgurantisque
546 2841 607 2879 esse
628 2821 726 2890 hlium,
757 2830 784 2878 et
805 2823 916 2880 liarrrnris
938 2833 1067 2883 momuum
1090 2844 1160 2896 esse,

91 2919 118 2968 et
139 2918 388 2988 per‘tcurpestatem
410 2926 441 2965 ao
462 2907 573 2966 fulmina
594 2904 628 2962 ad
650 2907 749 2964 coelum
772 2923 833 2964 esse
856 2909 1001 2978 invectum,
1023 2919 1050 2970 et
1062 2909 1163 2969 Oetaea
1197 2945 1203 2952 ·
1251 2957 1256 2968 .

90 2999 256 3072 potissimum
279 2993 390 3050 fulmina
411 2993 619 3060 commemorari,
641 2991 714 3046 velut
735 2988 833 3046 Traclr.
855 2983 928 3050 437.

147 3157 150 3160 ,
242 3087 290 3172 μή
311 3081 394 3172 πρός
415 3106 452 3150 σε
474 3085 533 3150 τοῦ
556 3078 632 3148 κατ’
653 3079 779 3170 ἄντρον
805 3078 940 3151 Οἰτάων
960 3084 1068 3164 νάπος
1174 3161 1175 3168 p

244 3170 319 3246 Διὸς
341 3165 676 3256 καταστράπτοντος,
699 3203 738 3217 -

91 3284 116 3338 is
136 3283 219 3358 igitur
239 3279 355 3336 fortasse
377 3280 432 3336 veri
453 3274 523 3336 haud
544 3274 690 3332 absimilem
712 3280 818 3330 censeat
832 3275 995 3348 opinionem,
1017 3271 1159 3334 Herculem

17 3405 18 3408 =
93 3373 121 3422 ut
142 3365 306 3440 tempestatis
328 3363 433 3442 genium
454 3363 483 3417 in
506 3356 573 3416 Oeta
594 3357 692 3413 cultum
713 3375 789 3424 esse,
816 3364 843 3412 et
863 3355 897 3413 ad
918 3356 1023 3414 heroem
1045 3359 1159 3418 fulmini·

93 3450 140 3510 hus
163 3454 341 3507 coruscantem
364 3452 455 3502 nostm
468 3439 607 3518 Sophoclis
629 3458 706 3496 versu
729 3437 821 3496 alludi.
854 3437 927 3504 tiriae
950 3445 974 3498 si
997 3441 1158 3518 quomodam

95 3529 305 3608 mythologormu
328 3528 462 3586 audaciam
485 3545 577 3604 sapere
598 3521 735 3594 ridentur,
758 3517 798 3582 orl
819 3515 913 3602 λέγω.

164 3615 229 3674 ·Sed
248 3616 302 3691 jam
326 3611 391 3672 nihil
412 3617 508 3680 restat,
531 3627 606 3685 quarn
628 3617 658 3664 ut
679 3622 802 3666 numeros
824 3607 985 3668 describam:

174 3725 249 3793 715.
280 3723 351 3792 726.
394 3706 926 3838 {incommodum-o.

459 3807 580 3864 U'!

118 3972 121 3981 s
173 3998 283 4064 Medius
303 4014 397 4056 versus
420 3995 547 4071 duplicem
570 3995 646 4050 hasin
668 4010 725 4048 cum
748 4009 836 4050 anaor.
857 3989 949 4062 habeis
971 4012 1030 4052 curu
1052 3991 1169 4058 basibus¹

75 4087 168 4143 ‚etiam
195 4100 290 4144 rersrrs
317 4070 390 4143 719.
415 4071 487 4139 720.
510 4073 583 4139 721.
605 4075 736 4134 incedunt.
778 4073 904 4134 Videmus
925 4085 1012 4136 autern
1032 4079 1159 4140 Brunckii

93 4168 297 4228 emendationem
325 4171 353 4224 in
377 4184 405 4223 r.
433 4157 506 4226 716.
535 4153 572 4221 εἴ
593 4171 657 4222 που
678 4179 725 4238 pro
747 4147 832 4220 ὅπου
853 4162 1006 4232 scribentis,
1036 4168 1155 4238 quamvis
