2898 4748
271 309 393 386 252,

335 472 425 543 1⁰47.
469 469 581 536 Hdll’
602 463 646 538 do
667 469 777 553 λέγειν
798 468 906 555 ἔχοιμι
927 467 1009 556 ιτρύς
1032 468 1076 532 τύ
1099 466 1189 536 τοῦδ’
1209 467 1291 550 ἔντη,

471 555 580 641 οἴμοι
600 550 768 638 παρείκοι·
790 559 848 618 νῦν
869 553 900 620 d'
922 552 1013 628 ἑνὸς
1036 558 1147 638 κρατῶ
1166 554 1283 634 λόγου.

473 631 514 708 ού
535 639 602 724 γάρ
626 634 786 702 τοιούτων
807 638 879 716 dei,
901 633 1051 711 τοιοῦτός
1074 635 1138 721 εἴμ’
1160 635 1231 720 ἐγώ.

185 781 189 788 ’
279 755 463 840 Τοιούτων,
483 763 617 820 hominurn
641 760 802 818 dolocenum.
846 757 996 817 Scholiasta
1016 777 1078 815 vero
1101 758 1166 816 liaeo
1187 761 1340 838 conlegit,

273 871 352 929 ροοοι
375 855 522 907 enarraret:
544 842 603 905 νῦν
627 840 662 906 δὲ
684 841 823 903 σιωπῶ.
847 880 856 922 ·.
878 884 886 900 .
908 832 994 901 ὅπου
1015 833 1175 900 τοιούτων
1195 839 1253 903 δεῖ
1271 841 1342 903 τῶν
1440 915 1441 918 ¹

271 926 477 996 σιωπώντων.
508 931 610 988 Habuit
630 928 687 996 liic,
710 918 762 984 ni'si
785 927 870 996 fallor,
892 920 972 1003 ἐμοῦ
992 945 1039 1001 pro
1062 919 1146 994 ἑνός,
1168 926 1218 984 lnoc
1239 947 1340 988 sensu:

153 1053 163 1064 ·
271 1039 341 1079 nunc
360 1037 422 1074 vero
444 1020 538 1084 uinco,
568 1017 679 1090 reprimo
702 1015 845 1068 orationem
868 1011 1060 1077 ineau1,velut
1082 1009 1164 1084 Soph.
1185 1010 1229 1066 El.
1254 1005 1342 1070 1175

271 1107 325 1162 ait:
345 1097 481 1180 aparatio
502 1091 567 1176 yoip
588 1087 701 1154 οὐκέτι
722 1085 875 1170 γλώσσης
896 1086 1025 1167 σθένω,
1047 1089 1340 1156 otEar.Het.138‘3.

271 1180 461 1262 κρατοῦντα
482 1174 845 1256 ‹sidyma-Fortasse
867 1181 944 1234 etiam
966 1178 1066 1234 violato
1090 1185 1172 1234 taetro
1194 1176 1239 1234 ille
1257 1180 1338 1256 legit:

270 1265 332 1328 νῦν
360 1260 391 1325 δ’
419 1255 556 1332 ούδενὸς
584 1255 699 1342 κρατῶ
725 1251 835 1336 λόγου.
879 1263 977 1336 Utique
1003 1269 1107 1329 latitent,
1137 1280 1214 1335 quum
1236 1264 1340 1339 aliquid

271 1360 341 1412 cente
360 1351 474 1421 Ulysses
495 1347 658 1406 Philoctetae
679 1344 850 1420 respondeat,
871 1345 981 1424 vulgata
1000 1347 1080 1402 verba
1100 1354 1245 1420 praestant.

335 1461 427 1528 11192.
465 1465 622 1542 Interpretes
644 1463 756 1531 Graeci,
777 1463 855 1539 plano
876 1470 906 1520 nt
928 1480 1019 1520 omnes
1042 1461 1133 1529 cond„
1156 1465 1272 1540 ineptam
1293 1463 1339 1520 lra-

271 1558 333 1612 beat
352 1554 506 1610 lectionem:

422 1643 494 1708 εἴθ’
514 1635 656 1728 αἰθέρος
676 1635 746 1705 ἄνω
1052 1693 1055 1696 .

422 1725 598 1800 ιττωκάδτς
619 1720 780 1801 ὀξντόνον
802 1721 862 1790 διὰ
882 1718 1074 1807 πνεύματος

423 1805 523 1876 ἓλωσ’
545 1806 612 1893 ἔμ’,
632 1814 682 1886 (οἱ.
703 1814 739 1872 ll.
760 1833 817 1891 cap.
840 1809 874 1890 l)

270 1925 324 1980 nisi
345 1917 415 1995 qnod
435 1920 476 1976 illi
497 1920 577 1974 etiam
597 1905 782 1993 πτωχοέδες,
808 1906 998 1992 ιιρωτοὶδες,
1027 1904 1194 1994 δρομάδος
1215 1913 1341 1974 afferam.
1440 1949 1441 1954 κ

272 2003 352 2069 Quod
372 2011 508 2078 praeterea
528 2003 566 2056 ibi
586 1999 684 2076 legitur
704 1991 879 2066 πτώκαθες
900 2007 953 2056 tam
976 1997 1115 2068 absurdum
1138 2007 1192 2067 est,
1216 2008 1244 2054 ut
1268 2007 1341 2056 necte

270 2092 304 2150 ab
326 2087 426 2146 editore
441 2085 519 2141 ltoru.
542 2091 568 2138 et
587 2081 669 2138 Diod.
692 2085 819 2140 omissum
842 2102 902 2140 esse
923 2081 1056 2140 videatur:
1079 2089 1227 2156 corruptum
1251 2091 1340 2139 autern

270 2171 323 2228 lnoc
348 2187 408 2226 esse
435 2187 450 2224 e
477 2173 602 2240 sequente
630 2183 695 2222 voce
722 2156 896 2235 πτώκαδες
922 2163 967 2240 (ab
990 2171 1048 2242 ipso
1072 2164 1171 2222 codicis
1194 2163 1237 2222 La
1260 2166 1340 2222 libra·

270 2250 333 2330 rio‚)
358 2253 414 2330 jam
438 2248 520 2307 Dind.
550 2249 660 2304 monuit.
702 2247 746 2304 llli
771 2251 853 2326 igitur
877 2268 971 2306 versus
999 2251 1031 2307 ab
1059 2249 1120 2306 aliis
1147 2249 1224 2306 aliter
1252 2267 1341 2308 emen.

160 2401 162 2408 ,
272 2337 383 2405 dantur,
405 2336 437 2392 ob
459 2333 550 2390 Herm.
572 2336 601 2388 in
623 2337 739 2388 retractt.
760 2333 813 2390 ita:
885 2331 891 2348 “
1050 2339 1053 2346 ’

424 2421 486 2494 ὅθ’
507 2417 609 2492 αὗταί
630 2420 663 2508 y’
683 2421 754 2490 ἄνω
777 2475 785 2490 .
809 2469 847 2489 ..

269 2537 398 2598 Fortasse
419 2556 482 2594 vero
502 2532 668 2594 scribendum
692 2540 745 2590 est:
808 2595 814 2602 ¹

421 2622 482 2696 ὅθ’
503 2628 541 2692 αἱ
562 2625 669 2710 θῆρες
690 2625 772 2701 ἄνω,
857 2632 863 2646 ’

271 2747 298 2798 et
318 2743 347 2797 in
367 2740 471 2795 antistr.
493 2755 519 2791 v.
543 2727 625 2794 1113
645 2752 692 2809 pro
714 2734 801 2790 verbis
824 2721 960 2813 ἰδούμαν
982 2725 1020 2793 θὲ
1041 2747 1094 2794 νιν
1115 2739 1169 2792 ita:

420 2823 556 2909 ἲὸοίμαν
578 2825 609 2891 δ’
630 2823 681 2890 ἔτι
701 2847 763 2892 νιν.

268 2935 340 2996 Nona
360 2931 528 2992 choriambus
555 2932 699 3008 praemisso
721 2931 807 2988 iambo
828 2935 949 2990 versibus
970 2935 1105 3011 glycoueis
1127 2943 1206 3010 atque
1229 2936 1340 3008 dactyli·

270 3024 327 3092 cis,
354 3037 422 3096 quae
443 3015 487 3074 hic
507 3016 645 3092 leguntur,
672 3015 754 3072 muto
776 3014 871 3072 melius
893 3017 1066 3094 respondent,
1094 3038 1169 3094 quarn
1192 3021 1340 3097 singularis
1436 3057 1437 3060 =

268 3126 296 3182 p.
318 3103 422 3162 dochiu.
445 3133 482 3143 —-
515 3087 586 3179 Θήρ
608 3118 686 3176 porro
707 3098 735 3156 l.
756 3099 775 3157 l.
797 3099 916 3158 feminini
938 3109 979 3158 est
999 3105 1116 3179 generis,
1139 3121 1217 3178 quunr
1240 3109 1340 3179 podiae

156 3191 159 3198 ’
269 3195 357 3248 animo
379 3177 402 3270 ἡ
425 3175 515 3263 ὅρνις
538 3185 704 3253 obversatum
728 3183 999 3258 aequevox,utl1.
1021 3187 1055 3254 l.,
1077 3205 1141 3243 aues
1163 3188 1244 3244 siruul
1268 3210 1339 3250 coru·

268 3275 392 3354 plectitur
412 3274 441 3328 in
463 3268 545 3346 Soph.
569 3267 662 3346 fragia.
685 3272 738 3325 inc.
759 3261 811 3326 23.
834 3261 886 3336 12,
908 3271 968 3337 ubi,
989 3277 1129 3345 postquam
1150 3275 1229 3346 potita
1250 3271 1338 3330 l'cue·
1435 3327 1436 3330 ,

268 3377 324 3414 reni
347 3365 374 3413 et
394 3355 509 3430 piscibus
531 3360 558 3409 et
580 3351 791 3427 quadrupedibus
813 3360 840 3408 et
861 3355 955 3410 avibus
977 3356 1066 3411 inesse
1079 3353 1155 3423 dixit,
1174 3355 1340 3430 jainamma

270 3437 492 3516 oonnprehendens
513 3438 614 3512 pergit:

419 3529 454 3596 ἰν
476 3528 619 3613 θηρσὶν,
642 3526 677 3591 ἐν
698 3527 852 3603 θεοῖσιν,
873 3527 910 3592 ἐν
930 3529 1068 3614 βροτοῖς
1088 3525 1167 3597 ἄνω.

266 3640 338 3704 Illud
366 3641 447 3715 igitur
473 3640 497 3694 si
526 3638 734 3702 restituerimus,
764 3634 921 3711 adjectivum
951 3626 1142 3706 πτωκούδτς,
1171 3637 1241 3713 quod
1269 3641 1340 3700 alias

168 3756 176 3764 ·
267 3725 476 3784 insolentissime
498 3721 568 3790 locet
588 3725 753 3792 usurpatum,
772 3719 828 3794 jour
850 3719 968 3789 habebit,
991 3739 1042 3794 quo
1065 3722 1203 3778 referatur.

333 3815 424 3882 1096.
452 3811 526 3878 ἐπεὶ
547 3806 609 3875 onia
631 3807 785 3875 ἄλλοθεν
801 3808 864 3906 Ι’ἔχῃ
887 3811 974 3897 τύχᾳ
996 3811 1072 3897 τᾷδ’
1093 3811 1161 3878 α’.τό
1173 3810 1340 3898 μείζονος.
1432 3839 1433 3860 ι

268 3921 346 3979 Hanc
375 3920 491 3978 codicum
515 3921 630 3974 omnium
652 3917 793 3974 lectionem
814 3923 930 3976 numeris
952 3938 1005 3977 non
1028 3929 1232 3978 consentaneam
1255 3927 1340 3980 etiarn

268 4001 415 4061 scholiasta
441 4009 532 4060 noster
558 4004 755 4078 interpretatur:
783 3993 845 4061 οὐκ
868 3993 939 4062 dud
961 4017 1048 4073 τινος
1069 3994 1173 4089 ταύτῃ
1195 3997 1236 4091 τῇ
1257 3997 1341 4087 τύχη

270 4077 362 4160 ἓνέχῃ
384 4075 449 4140 ἀπὸ
471 4073 626 4156 μείζονος
646 4079 716 4144 σού.
1320 4069 1330 4092 ⁶

672 4185 914 4200 m

38 4477 412 4728 ..ς
