2898 4748
614 1625 818 1700 CAPUT
855 1629 1020 1702 vll«

297 1803 355 1916 DE
386 1845 541 1916 ususls
570 1846 945 1916 scuoumsunuum
973 1797 1279 1921 nuculeumus

251 2395 340 2460 Quae
366 2393 543 2471 Sophoclis
577 2395 681 2450 verba
712 2411 729 2450 a
762 2391 973 2452 scholiastis
1006 2336 1099 2454 falso
1129 2397 1317 2461 laudentur.

313 2565 434 2624 Omnium
459 2567 589 2622 variarum
619 2503 761 2621 lectionum
787 2564 830 2620 vel
856 2550 963 2620 minima
990 2565 1146 2622 auctoritate
1174 2586 1222 2625 eae
1237 2579 1317 2640 snut,

248 2669 312 2724 quas
333 2657 397 2706 vett.
418 2652 574 2724 interpretes
595 2651 622 2704 in
644 2647 784 2706 laudandis
806 2646 945 2722 Sophoclis
967 2650 1053 2706 verbis
1073 2651 1208 2725 praebent.
1239 2653 1317 2712 Sole·

246 2737 309 2790 bant
336 2733 378 2790 illi
406 2737 464 2790 sine
494 2731 572 2790 dubio
603 2735 745 2807 scriptores
775 2735 924 2789 memoriter
953 2737 1047 2802 citare,
1079 2752 1138 2790 nam
1166 2739 1206 2791 ita
1226 2738 1316 2796 solum

245 2815 302 2872 fieri
323 2819 415 2892 potuit,
437 2823 467 2872 ut
486 2815 702 2872 versusllomeri
723 2815 885 2890 aliorumque
903 2819 1040 2892 politanum
1063 2817 1208 2876 innumeris
1229 2841 1315 2896 paene

172 2909 183 2924 ¹
244 2903 318 2956 vitiis
345 2899 489 2956 maculatos
511 2896 648 2966 afferrem
680 2908 734 2952 tum
756 2897 828 2955 lris
820 2919 848 2954 ιιι
869 2901 996 2975 exemplis
1017 2919 1049 2958 ea
1061 2920 1149 2989 caepe
1169 2904 1314 2976 lectionum

240 2983 448 3060 discrepantium
469 2990 512 3040 est
532 2985 615 3051 ratio,
646 2988 686 3038 ut
683 2989 805 3056 utraque
827 2985 958 3057 scriptura
978 3001 1060 3060 neque
1061 2975 1151 3042 bona
1172 2991 1220 3056 sit,
1248 3009 1312 3064 quo·

242 3068 322 3126 modo
342 3087 405 3126 vero
427 3067 511 3125 altera
532 3086 565 3124 ex
586 3067 670 3123 altera
691 3069 728 3123 sit
749 3073 807 3124 orla
828 3085 881 3124 non
902 3069 1090 3146 intelligamus,
1112 3070 1313 3132 nisihominum

242 3151 314 3210 haud
338 3151 504 3210 indoctorum
530 3154 682 3209 memoriam
709 3151 808 3208 similia
831 3153 912 3210 verbs
942 3160 1116 3212 commutasse
1146 3173 1310 3216 censeamus.

241 3236 314 3295 ldem
343 3236 454 3313 denique
482 3253 576 3293 versus
598 3253 678 3311 saepe
700 3237 732 3292 ab
753 3237 820 3311 ipsis
842 3233 998 3306 scholiastis
1017 3237 1121 3295 diverso
1143 3238 1223 3296 modo
1246 3245 1308 3298 eita-

241 3327 293 3378 tur.
323 3319 411 3385 Quare
432 3340 466 3378 ex
486 3318 529 3377 his
551 3321 766 3378 annotationibus
788 3317 821 3378 dc
841 3317 1044 3381 scholiastanum
1056 3321 1215 3382 lectionibus
1230 3323 1308 3384 nihil·

241 3403 303 3462 dum
325 3408 389 3462 certi
410 3405 501 3481 colligi
522 3409 618 3480 potest.

303 3518 377 3586 Quae
405 3519 475 3592 dini,
503 3522 558 3598 jam
586 3524 672 3596 ipsius
699 3518 808 3590 Didrmi
834 3521 954 3596 exemplo
982 3522 1150 3580 confirmabo.
1192 3523 1308 3622 Legitur

238 3609 309 3664 euim
309 3603 365 3662 ad
385 3604 464 3664 Piud
478 3605 521 3664 01.
543 3599 573 3664 9.
595 3597 638 3663 34
659 3602 802 3661 scholium.
794 3596 1042 3744 λαῖιαρὰςδὲ
1064 3597 1125 3674 τοὶς
1146 3599 1305 3686 ᾥδας...

237 3681 316 3750 ὁὸὲ
336 3678 529 3786 Δίδυμος
505 3705 539 3749 α
562 3703 591 3746 τ.
611 3682 803 3774 μαλακαῖς·
824 3701 867 3746 κα

237 3764 369 3868 φώνους
389 3789 458 3841 τας
472 3762 620 3870 ᾠδαςφ.
664 3769 799 3830 Scilicet
791 3791 819 3831 m
840 3771 935 3830 Isthm.
956 3766 1038 3832 28.
1060 3777 1139 3852 polita
1158 3770 1302 3854 μαλθα·

215 3848 385 3934 ’κύφωνα
404 3830 521 3918 morderi
542 3859 619 3918 dixit.

297 3971 358 4030 Hos
386 3977 468 4050 igitur
496 3987 598 4034 errores
628 3994 645 4032 e
675 3977 769 4034 ceteris
790 3978 926 4051 separari3
947 3979 1109 4053 seripserunt
1130 3979 1200 4035 enlm
1221 3979 1302 4048 turo,

214 4071 303 4134 vquac
323 4062 394 4110 recte
415 4057 546 4134 legerunt
573 4057 676 4116 Rettuli
696 4067 782 4116 autem
804 4059 856 4118 huc
877 4078 910 4117 ea
931 4079 1034 4135 quoque
1050 4059 1191 4136 Sophoclis
1212 4064 1302 4131 rerba,

235 4153 302 4214 quee
329 4141 449 4209 proxime
477 4142 564 4213 ipsum
595 4142 695 4209 locum,
727 4145 771 4199 ubi
797 4143 933 4218 leguntur,
966 4145 998 4202 ab
1026 4146 1212 4219 interpretibus
1241 4163 1302 4204 oum

1150 3931 1184 3972 8

902 3703 967 3770 pap
988 3679 1180 3770 ἑτέρωθιμ
1181 3686 1306 3752 αλακο-
1429 3732 1434 3743 -
