2874 4758
273 256 339 347 ιν»

272 427 386 499 wericn,
408 426 494 486 einen
514 425 677 493 biauerfen,
697 427 852 502 accepisset.
894 423 996 483 Sensus
1018 421 1088 480 enirn
1110 427 1164 480 erte
1177 428 1338 494 astantem

272 513 331 580 fa's,
362 515 485 587 qnoniam
511 509 562 568 hoo
582 513 669 586 ipsum
690 509 748 579 fas,
764 569 766 576 ,
781 505 833 566 hoo
850 508 912 584 jus,
945 513 977 563 tu
996 503 1061 565 milri
1082 507 1240 581 porrexisti,
1273 509 1292 562 i.
1313 525 1339 570 e.

272 595 389 654 tribuisti
410 603 487 674 atque
507 595 665 657 resarcire·
686 601 760 670 patre
781 588 971 662 interficiendo.

335 720 409 790 834.
441 715 483 788 do
504 719 650 786 τέκετο
671 716 846 802 θάνατος,
869 710 984 781 ἔτεκε
1004 711 1037 782 d'
1055 707 1175 790 αἰόλος
1196 712 1337 805 δράκων.

272 859 368 922 Herm.
398 861 462 920 olim
488 860 538 920 has
567 858 641 918 umbi
669 860 769 916 fomuas
794 859 928 916 sententia
955 853 1060 915 differre
1081 858 1260 925 existimavit,
1290 857 1349 916 sed

272 946 403 1014 refutatm
428 943 538 1007 aLob.
562 941 600 1002 ad
619 941 665 1020 Aj.
686 935 749 1002 327
770 943 828 1020 ejus
850 940 1026 1016 conjecturam
1048 929 1201 1022 ἔτρεφε
1223 934 1256 999 δ’
1277 934 1334 1014 ad,

274 1035 344 1086 terte
370 1027 509 1088 Wundero
538 1031 567 1086 in
593 1024 813 1104 emenddffipse
834 1041 905 1082 nnnc
923 1025 1028 1100 protem.
1069 1023 1140 1082 Saue
1158 1027 1227 1082 euim
1249 1023 1335 1102 Soph.

275 1114 371 1182 consti
390 1111 431 1168 illi
451 1114 477 1170 si
497 1109 569 1168 idem
588 1111 755 1187 significant,
777 1109 825 1166 tali
846 1111 878 1166 in
895 1105 1029 1184 anaphora
1050 1105 1165 1165 divmsir
1185 1110 1280 1168 formis
1299 1114 1335 1166 uti

275 1213 329 1260 non
348 1201 461 1272 peterat.
501 1193 557 1254 Sed
577 1183 702 1276 ἔτρεφε
723 1201 800 1262 vetere
821 1194 951 1332 integras
972 1197 1042 1248 certe
1062 1209 1117 1285 upa
1136 1187 1238 1284 babuit,
1259 1195 1334 1250 immo

275 1295 355 1352 quum
383 1285 529 1346 enarraret,
559 1273 679 1338 τοῦτον
705 1269 765 1336 τόν
796 1263 851 1334 ἰὸν
895 1267 1052 1351 γέννησιν
1073 1289 1100 1332 οΧ
1115 1267 1236 1344 cedd-os·
1264 1269 1335 1355 δρό-

277 1375 364 1436 κω-ν,
391 1354 525 1436 μᾶλλον
552 1355 588 1420 dd
616 1349 635 1420 ὁ
656 1349 827 1428 θάνατος,
859 1366 905 1416 aut
925 1359 1040 1416 comatos
1061 1358 1125 1416 illos
1145 1357 1237 1416 eodem
1259 1375 1336 1418 senen

276 1443 363 1502 dictos
388 1448 507 1520 putarit,
539 1451 585 1502 aut
615 1453 728 1520 utroque
755 1443 815 1502 loco
840 1441 910 1500 idem
932 1442 998 1518 legit
1017 1443 1136 1498 verbnm.
1177 1440 1265 1517 Atque
1285 1444 1336 1502 hoe

275 1530 366 1602 atique
395 1529 456 1586 sine
480 1527 560 1586 dubie
580 1534 625 1586 ert
643 1528 883 1602 simplicissimum,
913 1525 1018 1586 videtur
1038 1527 1108 1582 euim
1129 1514 1223 1584 ἔτεκε
1245 1528 1335 1603 glossa

276 1609 310 1667 ad
331 1602 446 1670 τέκετο
467 1612 562 1680 fuisse,
580 1613 718 1687 ipsumque
740 1609 852 1670 medium
874 1609 958 1666 altere
978 1627 1081 1684 quoque
1103 1607 1166 1667 sede
1187 1627 1247 1667 esse
1264 1616 1334 1668 resti·

275 1693 410 1763 tuendum,
432 1697 471 1752 ita
491 1703 523 1754 ut
542 1706 671 1752 venenum
691 1697 847 1772 sagittarum
870 1711 887 1752 a
907 1691 995 1750 Morte
1016 1697 1095 1767 atque
1108 1690 1202 1762 Hydra
1222 1699 1333 1770 genitum

276 1774 386 1854 dicatur.
430 1771 475 1836 Ae'
501 1783 530 1836 in
559 1777 693 1853 anaphora
721 1797 801 1853 saepe
823 1779 946 1851 usurpari
973 1781 1064 1856 notum
1091 1780 1148 1846 esta
1183 1784 1238 1837 tum
1258 1779 1334 1854 longa

274 1862 359 1934 prima
380 1861 511 1919 secundae
532 1859 654 1938 dipodiae
676 1861 791 1932 syllaba,
818 1862 870 1918 etsi
890 1864 918 1917 in
940 1855 1106 1938 antistropha
1126 1861 1214 1918 brevis
1236 1861 1332 1940 legitur,

277 1941 449 2020 offensionem
471 1963 526 2002 non
547 1943 636 2003 habet.
678 1942 749 2002 Naue
770 1945 833 2000 illae
855 1944 970 2014 syllabae
990 1951 1053 2002 sant
1074 1946 1213 2020 ancipites.

337 2050 411 2120 835.
427 2107 435 2118 ,
452 2051 520 2130 πῶς
541 2043 593 2122 ὅδ’
614 2043 662 2124 ἂν
682 2028 826 2120 dit-eoo
847 2046 963 2141 ἕτερον
984 2045 1008 2132 ἢ
1028 2049 1133 2123 τανῦν
1154 2051 1241 2138 ἴδοις
1268 2101 1269 2108 κ

275 2163 398 2232 neimo
419 2193 435 2231 a
456 2171 543 2233 schol.
563 2193 610 2252 per
630 2160 733 2242 ἥλιον
753 2176 911 2252 explicatur,
933 2178 966 2234 ab
988 2175 1081 2236 Herm.
1102 2195 1176 2248 vero,
1197 2175 1333 2236 nthnd.

274 2261 303 2314 in
325 2255 444 2314 emendd.
465 2255 564 2318 Trach.
586 2260 683 2328 refert,
715 2265 744 2320 in
762 2251 820 2320 ἔτι
840 2249 928 2340 φάος
948 2267 1075 2331 mutatur,
1105 2280 1139 2322 ne
1158 2261 1248 2338 alpha.
1261 2267 1335 2322 coni·

273 2344 369 2416 piatur.
411 2340 489 2410 Hanc
517 2345 588 2400 enim
607 2347 795 2420 eorreptionem
814 2343 969 2420 jamdudum
991 2343 1083 2404 Herm.
1104 2349 1133 2402 in
1154 2345 1220 2404 edit.
1241 2344 1335 2404 Traeh.

275 2423 343 2480 dixit
371 2419 424 2482 uuo
447 2424 512 2486 Eur.
535 2425 609 2484 Med.
631 2445 710 2502 versu
737 2421 819 2500 1242
840 2431 927 2506 politis
948 2431 1056 2504 tragicis
1077 2423 1223 2495 vindicari,
1255 2449 1287 2488 ac
1304 2449 1335 2488 ne

185 2558 193 2572 ,
274 2525 333 2563 eum
355 2507 458 2583 quidem
481 2513 547 2568 natis
570 2519 655 2578 tutum
677 2531 737 2580 esse
755 2507 884 2570 vindicem
907 2515 934 2568 in
956 2531 1028 2567 oens.
1050 2511 1104 2568 lex.
1128 2511 1211 2590 Soph.
1222 2511 1335 2572 Ellendt.

273 2592 302 2646 in
323 2589 419 2648 Zimm.
446 2611 509 2650 ann.
537 2589 603 2670 phil.
630 2615 656 2656 a.
685 2583 776 2658 1835.
798 2615 825 2672 p.
845 2587 913 2654 750'
929 2589 1074 2657 contendit.
1117 2593 1156 2662 At
1175 2595 1281 2662 videtur
1300 2605 1335 2654 ta-

275 2691 333 2732 men
355 2684 490 2751 praeterea
511 2696 612 2758 versus·
626 2677 691 2735 Eur.
714 2675 816 2738 Phoen.
840 2672 902 2738 169
1112 2679 1116 2685 ’
1160 2671 1162 2684 ¹

323 2861 326 2868 .
424 2781 515 2868 ἑῴοις
534 2781 638 2871 ὅμοια
656 2787 837 2876 φλεγέθων
856 2788 980 2874 βολαῖς
1000 2786 1131 2873 ἀελίου)
1207 2845 1209 2850 .

273 2927 290 2964 a
318 2904 443 2963 Seidlero
476 2905 508 2964 de
538 2927 581 2965 vr.
606 2907 708 2966 docbm.
730 2929 757 2986 p.
781 2904 843 2972 1⁰3
862 2911 984 2972 laudatus
1006 2909 1085 2990 alpha
1105 2911 1173 2972 illud
1193 2924 1337 2996 correptum

271 2989 385 3058 habere,
409 2985 462 3047 non
486 2993 562 3067 quia,
584 3001 613 3050 ut
635 2991 727 3051 const.
750 2993 897 3056 Martum
920 2999 1033 3076 quaesti.
1056 2997 1138 3074 soph.
1159 3018 1186 3076 p.
1210 2993 1281 3059 166.
1294 3003 1338 3072 ait,

272 3071 471 3149 antistropbica·
496 3095 549 3133 vox
576 3083 618 3140 est
645 3070 853 3158 περιβαλών,
881 3101 925 3125 ·-·
946 3097 1008 3139 nam
1038 3079 1171 3162 stro'phica
1192 3076 1339 3142 distributio

271 3164 316 3214 est
344 3159 537 3232 incertissima,
566 3190 604 3204 -·
636 3160 685 3218 sed
711 3166 772 3240 qnia
798 3165 945 3224 insolenter
971 3165 1073 3223 duobus
1094 3167 1219 3224 versibus
1237 3165 1338 3224 dochm.

273 3239 439 3300 choriambus
468 3243 537 3300 foret
558 3243 712 3322 adjunctus,
739 3251 913 3308 usitatissimo
934 3267 997 3306 vero
1019 3264 1091 3306 ruore
1113 3253 1226 3308 creticus
1246 3255 1339 3308 asseri·

272 3331 331 3393 tur,
352 3325 439 3400 ¹cujus
470 3331 554 3401 prima
581 3330 643 3400 syll.
667 3322 698 3388 'h.
727 3329 747 3388 l.
775 3343 817 3388 est
838 3333 936 3390 soluta.
980 3331 1133 3390 Ceterorum
1155 3335 1340 3410 exemplorum,

272 3425 339 3482 quae
368 3407 406 3468 id.
437 3408 534 3494 Matth.
562 3414 636 3476 etol.
664 3413 685 3475 l.
714 3422 749 3472 et·
768 3416 879 3472 inlex.
907 3410 1053 3492 Ebrius.
1074 3437 1101 3474 r.
1123 3407 1236 3486 οἷὲλιος
1257 3417 1340 3486 affert,

272 3509 406 3574 rurensura
419 3500 460 3550 est
481 3492 569 3574 dubia.
612 3494 667 3552 Sed
688 3495 807 3570 equidem
829 3517 882 3556 non
903 3518 1060 3576 magnopere
1082 3499 1184 3569 dubito,
1207 3519 1265 3558 eam
1288 3521 1340 3564 eer-

262 3578 417 3656 ¹reptionem
439 3575 594 3654 tragoediae
615 3577 775 3650 concedere,
803 3583 958 3658 praesertim
980 3579 1166 3666 qued'poiitae
1187 3587 1284 3662 tragici
1305 3591 1341 3646 at·

273 3661 413 3736 quelepici
434 3657 648 3737 frequentissime
669 3663 799 3722 vocalium
822 3673 848 3722 et
868 3665 1039 3741 productione
1060 3667 1087 3724 e't
1108 3663 1272 3748 correptione
1294 3667 1342 3726 dif-

275 3741 380 3810 ierunt,
402 3745 477 3820 'cnjus
500 3747 538 3801 rei
559 3746 616 3820 ipse
638 3739 673 3802 ex
693 3764 745 3804 uno
768 3747 898 3834 Sophocle
919 3751 1084 3831 undeuiginti
1104 3752 1203 3830 *epilegr'
1214 3753 1343 3828 exempla,

273 3831 300 3879 et
324 3826 394 3899 quod
414 3831 508 3904 tragici
529 3831 581 3905 ipsi
603 3833 631 3886 iu
652 3831 786 3890 vocalibus
809 3832 947 3892 metiendis
965 3829 1343 3915 sibinonseueper·constaut.

273 3903 375 3964 Nescio
397 3914 479 3986 igitur
508 3931 541 3972 an
570 3922 641 3972 reete
667 3913 786 3972 Ellendt.
813 3937 837 3975 s.
859 3937 885 3976 v.
908 3906 1003 3992 ἥλιος
1025 3918 1135 3986 dixerit,
1169 3917 1202 3975 de
1222 3929 1366 3995 correpto·

277 3989 325 4046 illo
349 3990 428 4066 alpba
449 4010 503 4052 nou
525 3997 637 4140 arogi&
660 3997 772 4078 dubitari
792 4019 887 4079 posse,
910 4031 950 4043 ·-
974 4007 1037 4078 quin
1057 3999 1209 4060 Boeclrhius
1231 4007 1270 4078 iuv
1283 4022 1343 4070 ann.

280 4073 494 4136 erit.·ad·Plnd.
518 4099 543 4156 p.
651 4085 875 4168 suspicetusest,
903 4081 1080 4166 alpharoeis
1100 4075 1367 4166 dilaceratione,
