2898 4748
1156 285 1223 356 205

149 463 207 516 etsi
239 445 369 538 Κύπρις
396 433 571 517 duodecim
558 477 614 536 pam
640 457 759 518 uersibus
791 467 852 517 onte
878 471 920 518 est
948 465 1089 518 nominata.
1131 457 1219 537 Atque

148 544 248 605 ultimo
270 544 330 613 ilio,
352 559 428 618 quem
451 545 664 612 commemoravi,
684 561 780 601 versu.

299 657 301 664 ¹
357 668 465 746 κακὰς
485 666 548 755 tyci
569 669 731 755 γυναῖκας
751 669 836 738 υἱέσι
855 672 976 756 στυγῶ,

152 808 224 867 Creo
241 813 360 892 ¹minime
384 807 562 879 Hnemoncm,
591 808 640 867 sed
661 807 820 886 Antigonam
842 810 960 872 offendit.
1002 801 1045 869 Ne
1067 817 1126 887 quis
1147 810 1219 872 deni·

153 913 208 968 que
227 913 332 950 versum
355 901 474 952 cosmum
495 892 647 971 Antigonae
667 893 797 963 vindicet,
829 899 904 970 quasi
925 900 1027 952 unicum
1050 899 1086 952 sit
1106 899 1219 972 signum,

111 995 116 1002 “
153 995 209 1052 quo
231 979 398 1052 magnanima
417 981 503 1054 virgo,
524 985 598 1034 tanto
620 978 723 1034 fervore
745 980 776 1034 ab
798 975 936 1036 Haemone
957 985 1052 1048 ιιιιιιι,
1074 997 1132 1036 nou·
1149 983 1221 1038 omni

152 1079 188 1116 se
208 1061 328 1116 muliebri
350 1064 448 1117 arnonis
469 1079 551 1119 sensu
572 1080 660 1121 carere
681 1061 861 1132 demonstret,
891 1079 950 1120 eum
971 1066 1038 1120 satis
1059 1061 1142 1120 haheo
1163 1061 1221 1121 dul·

151 1141 405 1242 cium-Antigonae
429 1145 608 1222 querelsmm,
638 1143 709 1223 quod
736 1148 845 1222 innupta
868 1144 904 1206 ad
924 1145 1027 1204 Orcum
1043 1145 1220 1215 descenderet,
1248 1210 1254 1220 ‚

150 1243 299 1286 monuisse.

220 1356 292 1419 Tum
312 1358 380 1422 Oed.
403 1358 501 1422 Oobr
501 1350 595 1422 83.7
614 1363 684 1420 maie
705 1360 906 1437 librisOedipo‚
927 1363 1075 1418 rectissime
1097 1379 1113 1417 a
1133 1359 1219 1420 schot.

151 1441 265 1500 Creonti
294 1446 374 1502 tribui
412 1463 492 1520 quum
527 1445 575 1502 alii
602 1443 789 1511 ostenderunt,
825 1451 880 1500 tum
908 1442 1017 1512 Herm,
1047 1461 1122 1518 quern
1149 1445 1220 1502 vide.

150 1523 231 1582 idern
256 1523 350 1582 Herm
378 1530 408 1583 in
433 1545 502 1583 ιι..
516 1519 628 1584 833-
636 1519 679 1585 40
704 1533 787 1584 ιοιιιι
812 1543 982 1602 personamm
1010 1523 1221 1585 distributionem

147 1613 291 1676 immutat,
319 1613 350 1664 ut
376 1607 466 1666 cadem
495 1607 620 1684 strophae
648 1613 686 1666 sit
712 1617 798 1708 atque.
812 1608 1000 1684 antistrophae.
1044 1609 1097 1666 Sed
1117 1609 1167 1666 hac
1189 1609 1221 1666 de

148 1693 215 1766 lege
244 1692 359 1756 maxime
387 1691 473 1750 adhuc
494 1691 607 1750 dubitari
626 1692 756 1762 video,
747 1696 851 1770 ipsique
872 1693 950 1768 paulo
972 1701 1033 1749 aute
1053 1697 1221 1768 exceptiones

149 1771 284 1850 quasdam
313 1779 582 1833 commemoravimus.
626 1772 766 1840 Quomodo
793 1794 856 1832 vero
882 1775 1043 1834 scholiastae
1070 1775 1097 1832 h.
1124 1777 1143 1835 1.
1165 1795 1220 1852 per·

149 1875 236 1916 sonas
257 1861 420 1929 notaverint,
440 1863 591 1918 nescimusc
611 1860 640 1918 id
660 1867 762 1918 tontum
783 1867 904 1936 apparet,
924 1877 972 1918 eos
993 1853 1099 1919 versum

217 1998 295 2068 84οι
324 1997 473 2068 ooid’''
454 1996 553 2091 cywy'
574 2003 766 2093 ὁδοιπορεῖν
786 1965 912 2087 (λέγω),

152 2096 231 2216 quem
251 2137 344 2198 Herm.
367 2139 473 2198 Creonti
495 2143 595 2240 tribuit,
618 2140 725 2202 dedisse
746 2141 841 2214 choro;
863 2147 1004 2200 ιιιὸιιιιι
1024 2144 1107 2200 enim.
1128 2134 1222 2203 Ἀιοι-

149 2219 274 2304 χωρεῖν
295 2210 523 2300 dorcheim,
500 2241 525 2282 ω
552 2185 683 2306 Κρέων
725 2225 758 2286 1ιι
785 2226 856 2302 quod
882 2234 968 2283 utrum
994 2235 1065 2282 recte
1091 2245 1124 2282 an
1153 2228 1221 2283 ιιιιο

152 2309 252 2364 factum
280 2311 327 2376 sit,
357 2306 422 2365 mihi
449 2308 565 2365 nondum
585 2311 684 2382 liquere
704 2309 800 2365 fateor.
843 2307 932 2382 Aeque
955 2306 1060 2362 dubium
1082 2317 1123 2363 est
1146 2308 1220 2364 scho-

55 2456 60 2468 ,
153 2389 221 2452 lium
249 2390 284 2448 ad
310 2389 404 2449 O..Ool
433 2409 460 2447 v.
488 2385 561 2449 960.
603 2391 656 2448 Ubi
681 2399 820 2489 postquam
848 2389 928 2458 Oreo,
955 2393 1073 2446 oratione
1095 2390 1129 2446 ad
1151 2390 1220 2446 The·
1310 2455 1320 2466 ⁶

152 2491 230 2532 scum
258 2492 399 2544 conversa,
431 2471 558 2550 Oedipum
586 2477 714 2532 conviciis
743 2473 844 2544 affecit,
878 2477 903 2530 ei
927 2473 1059 2549 jamnon
1088 2472 1220 2541 Theseus,

155 2556 227 2632 quod
255 2565 404 2651 exspectes,
435 2556 483 2614 sed
514 2555 630 2652 Oedipus
656 2557 823 2651 respondet,
842 2555 926 2612 schol.
948 2561 1043 2611 autem
1065 2557 1117 2611 ait:
1152 2549 1222 2627 Ῥὴν

154 2639 223 2714 (ιιι.
253 2630 352 2708 Εικὸς
380 2631 456 2716 τήν)
486 2632 638 2712 ὑστάτην
655 2629 846 2734 ὖποφοραν
872 2629 956 2716 πρὸς
983 2630 1043 2696 τὸν
1068 2631 1222 2718 Κρέοντα

152 2715 277 2802 μηκέτι
301 2715 366 2782 timei
388 2739 449 2782 του
472 2717 605 2796 Θησέως
625 2715 812 2821 λέγεσθαι,
832 2721 967 2793 (velutv.
939 2713 1052 2782 ν867
1072 2741 1131 2797 sqq
1152 2721 1223 2779 The

155 2827 219 2864 sens
247 2807 281 2862 ad
308 2806 436 2882 Oedipum
465 2808 569 2864 locutus
596 2805 682 2882 erat,)
712 2797 788 2864 ἄλλ’
814 2795 881 2864 vorti
912 2792 1107 2874 Οιιιίιιοδος·
1136 2794 1160 2878 ἦ
1187 2803 1223 2866 δὲ

155 2906 250 2947 arata
279 2883 457 2968 πρόδηλος
499 2889 578 2948 Unde
605 2910 657 2948 uon
680 2894 810 2989 sequitur,
839 2890 913 2946 illum
934 2893 1101 2966 interpretem
1124 2889 1224 2946 Thesei

155 2991 252 3032 nomen
279 2977 367 3030 versui
399 2967 464 3032 960
491 2978 681 3050 praescriptum
711 2977 856 3032 invenisse
907 2973 960 3030 Sed
990 2977 1137 3030 rectissime
1164 2991 1223 3028 cum

152 3059 230 3115 libris
256 3057 428 3114 Triclinianis
454 3076 561 3114 versum
594 3055 688 3114 O..Ool
720 3049 803 3113 1725
830 3075 887 3130 sqq.
929 3055 1050 3114 ismenae
1078 3054 1137 3123 dat,
1169 3073 1223 3116 non

154 3141 254 3210 choro,
275 3147 305 3198 nt
325 3148 390 3200 vett.
412 3139 490 3198 codd.
533 3138 576 3198 cf.
556 3137 690 3196 f.Herm
712 3137 795 3196 adh.
816 3138 837 3195 l.

212 3273 302 3343 ¹Falso
330 3293 392 3330 vero
422 3271 525 3330 scholia
550 3290 609 3330 cum
639 3249 708 3330 omn.
736 3271 813 3332 codd.
841 3271 940 3329 Trach.
968 3291 1021 3329 v.v.
1049 3263 1121 3331 402.
1150 3265 1223 3339 414.

134 3349 231 3418 416.
252 3347 317 3416 434
337 3357 481 3431 Deianirae
502 3359 634 3424 tribuunt,
656 3375 722 3432 quos
744 3359 832 3414 nuntii
851 3375 912 3415 esse
932 3361 1091 3414 recentiores
1112 3361 1222 3456 interpp.

156 3447 346 3520 cognoverunt.
389 3441 460 3497 Tum
482 3457 540 3497 cum
561 3441 628 3515 phrr.
651 3439 728 3498 codd.
750 3437 817 3497 Oed.
838 3439 904 3510 Tyr.
925 3459 951 3498 v.
972 3434 1036 3499 326
1057 3459 1097 3515 sq.

293 3548 440 3628 Mei,
461 3547 544 3635 πρὸς
565 3544 669 3626 θεῶν,
689 3549 874 3654 qppoocimy'
878 3547 1135 3656 ἀποστραφῆς,
1156 3546 1225 3611 ἐπεὶ

257 3679 262 3696 .
311 3631 439 3708 πάντες
460 3655 498 3698 σε
520 3638 769 3719 προςκονοιμεν
790 3625 853 3700 οἵδ’
876 3633 1017 3717 inemptos

157 3763 348 3852 commentator
368 3757 403 3814 ad
425 3756 532 3814 chorum
553 3757 648 3826 refert,
679 3757 785 3816 dicens:
816 3747 836 3814 ὁ
867 3747 981 3834 Χορος
1003 3745 1232 3832 καταλιπαριῖ

159 3832 278 3904 armaio!
321 3840 417 3916 Oedipi
445 3860 541 3904 nouren
571 3842 624 3898 soti
651 3839 730 3918 Lips
752 3849 815 3898 aet
835 3839 914 3898 Bodl.
937 3843 1126 3903 eser-·,varunt
1159 3857 1226 3912 quos
1277 3860 1283 3878 .

160 3927 264 3983 codices
294 3923 422 3982 editorum
444 3926 562 4000 plerique
587 3935 744 4001 sequuntur,
767 3929 829 3999 quia
857 3927 1008 3982 constanter
1029 3917 1107 3974 ham
1100 3940 1126 3976 ιιι
1150 3939 1227 3978 scene
1289 3917 1290 3922 ’

160 4017 263 4068 tacente
293 4007 373 4066 choro
402 4027 450 4070 rex
477 4009 599 4066 Tiresiae
627 4007 777 4092 respondet.
832 4004 970 4068 Oeiebrata
1000 4001 1109 4079 deniqne
1140 4007 1229 4062 uerba.
