2874 4758
1129 265 1170 349 7'1

101 469 121 506 a
143 451 222 525 poiita
242 445 374 523 proticisci
395 449 516 523 potuerit,
539 449 562 504 is
583 413 640 523 ipse
661 449 750 506 nermo
772 465 806 504 an
826 464 909 522 paene
925 451 961 506 sit
974 445 1071 510 audax.
1101 445 1172 510 Nam
1276 515 1280 530 Ι

98 551 157 608 quo
178 550 261 606 usque
282 534 311 588 in
332 529 549 588 translationibus
571 536 665 607 politae
700 535 837 608 progressi
857 533 919 600 sint,
942 551 993 592 non
1016 539 1076 590 ante
1097 543 1169 610 pote*

96 620 136 672 rit
163 615 303 682 adfirmari,
334 633 411 690 quarn
440 615 629 672 translationes
655 622 682 672 et
702 618 773 692 tropi
793 633 811 671 a
830 618 918 690 po'e'tis.
937 619 1055 690 usurpati
1077 635 1169 676 omnes

97 699 311 758 erontmllocti
339 705 419 772 atque
447 701 599 773 comparati.
641 697 696 755 Sed
718 715 783 774 quae
804 695 866 755 huic
885 702 973 755 versui
993 703 1168 759 inest-traus-

97 781 183 851 latio,
205 801 238 840 ea
258 783 390 839 ueteribus
412 784 518 838 minime
540 787 597 838 erat
616 782 745 844 insolens.
784 781 949 839 Tribuuntur
969 785 1038 839 enirn
1060 787 1169 860 gemitui

78 865 232 942 .epitheta,
260 883 325 940 quae
346 868 450 940 proprie
471 863 506 922 ad
527 884 594 932 rem,
622 883 673 939 qua
693 872 850 941 prouocatur
871 872 949 940 atque
969 866 999 921 fit
1019 867 1066 923 ille
1088 871 1167 944 gonri-

96 958 162 1018 tus,
183 951 330 1024 pertinent,
352 952 371 1005 i.
394 968 417 1004 e.
441 964 518 1024 quum
539 949 635 1004 uulnus
656 952 693 1020 sit
715 939 914 1026 αἱματηρόν,
936 952 1049 1024 gemitus
1067 969 1169 1026 quoquc

93 1035 210 1090 vulnere
236 1031 343 1090 allectus
370 1033 409 1088 lta
437 1032 591 1108 appellatur.
633 1030 674 1088 lta
694 1039 780 1088 autem
803 1032 916 1107 exempli
937 1035 1024 1107 gratia
1043 1031 1117 1109 Virg.
1139 1037 1168 1090 in

93 1114 170 1174 Aen.
193 1110 222 1174 1.
246 1109 316 1174 169.
337 1112 466 1173 anchorae
487 1133 581 1172 uucum
603 1127 718 1174 morsum
741 1093 897 1191 dicit,'quia
915 1111 1032 1178 anchora
1053 1097 1168 1175 morsum

93 1201 203 1256 faciens
231 1217 311 1269 curua
339 1206 394 1268 est,
415 1205 442 1256 et
466 1189 497 1258 Β.
523 1192 595 1258 596.
618 1197 829 1274 quadrupedante
850 1202 941 1256 sonitu
961 1199 1085 1275 ungarlaru
1109 1203 1169 1274 equi

93 1288 241 1342 concedere
271 1301 403 1358 campum,
443 1285 604 1358 qui-equus
638 1299 731 1339 sonum
766 1281 849 1340 edens
883 1289 926 1339 est
958 1282 1167 1358 quadrupedans.

91 1364 201 1424 Eodem
229 1384 292 1442 pars
320 1365 498 1440 exemplorum
529 1369 643 1442 pertinet
668 1365 774 1424 aLob.
796 1363 831 1422 ad
851 1363 896 1441 rlj.
918 1385 945 1422 r.
967 1359 997 1424 7.
1019 1367 1166 1434 allatorum,
1194 1359 1222 1402 '.

93 1451 174 1506 velut
194 1448 303 1516 Luccei.
327 1444 355 1508 l.
376 1441 428 1508 24.
471 1447 619 1506 Nemeaeus
641 1447 729 1506 hiatus
751 1444 846 1516 leonis,
868 1448 933 1504 Eur.
956 1448 1036 1504 Herc.
1058 1450 1078 1508 f.
1092 1439 1166 1508 413.

93 1523 323 1612 bonporus...
336 1525 460 1612 γραίας
490 1521 598 1590 ὄσσων
623 1522 674 1589 ἔτι
700 1521 820 1608 πηγάς.
862 1529 964 1588 Phoen.
988 1525 1078 1590 1850.
1101 1527 1169 1606 (non

91 1615 198 1674 Bacch.
228 1608 319 1674 1158.
346 1623 377 1671 ot
400 1613 470 1672 Lob.
493 1613 545 1690 ait)
565 1601 712 1688 ἀνάγετε
736 1607 886 1672 νωκνεόν
908 1607 1039 1674 ἐπὶ....
1053 1609 1169 1672 leono-

91 1692 217 1783 πήχεες
239 1689 384 1777 κτύπους
400 1694 522 1774 χεροῖν.
563 1694 635 1778 idam
659 1697 701 1754 leo
721 1694 873 1756 Nemeaeus
894 1703 948 1764 est,
975 1699 1007 1752 ab
1029 1715 1061 1752 eo
1083 1705 1168 1751 autem

89 1781 191 1840 hiatus
207 1777 390 1856 proficiscitur,
411 1780 486 1847 oculi,
510 1797 526 1833 a
547 1782 640 1852 quibus
660 1780 825 1858 lacrimarum
846 1779 934 1834 fontes
956 1785 1086 1847 emanant,
1108 1785 1170 1835 suut

91 1865 218 1932 seniles,
248 1881 356 1936 manus,
383 1863 476 1937 quibus
500 1863 570 1919 ictus
599 1861 753 1929 eliciuntur,
774 1851 996 1940 λευκοπήχεις.
1040 1861 1091 1918 llis
1113 1864 1167 1936 qoi-

92 1947 162 2006 dem
183 1949 213 2002 in
233 1947 361 2020 exemplis
381 1947 477 2022 ubique
497 1947 688 2004 substantivum
712 1951 753 2002 est
775 1943 900 2012 additum,
923 1947 965 2000 cui
986 1945 1034 2000 illa
1054 1943 1168 2022 epitheta

92 2036 164 2108 apta
184 2035 260 2098 sunt,
281 2031 320 2084 ita
340 2035 370 2084 ut
389 2029 507 2085 fortasse
526 2029 612 2085 forma
632 2035 732 2084 mutum
754 2029 786 2084 ab
807 2028 854 2084 illo
876 2025 1013 2104 recedere,
1040 2045 1068 2084 re
1090 2034 1167 2102 atque
1243 2077 1246 2084 ,

95 2113 263 2190 cogitatione
290 2129 348 2170 cum
375 2129 406 2168 eo
435 2110 617 2188 conjungenda
642 2127 702 2168 esse
721 2109 875 2169 rideantur:
905 2109 1019 2168 ethaeo
1039 2111 1117 2168 aliter
1138 2131 1168 2168 se

93 2197 197 2256 habere
229 2213 264 2252 ex
296 2191 395 2252 Aesch.
416 2192 535 2270 Choepb.
565 2213 592 2252 u.
621 2187 693 2254 lbi).
727 2191 927 2270 cognoscimus:
960 2179 1029 2252 ‘decc
1060 2183 1169 2272 δάκρυ

97 2268 248 2358 καναχὲς
268 2267 448 2356 ὀλόμπενον
464 2267 615 2360 ὀλομένῳ
631 2268 799 2355 δεσπότᾳ,
812 2279 864 2335 ubi
884 2278 1018 2334 lacrimam
1040 2284 1168 2333 nonnam

97 2367 183 2440 pc'e'ta
203 2363 333 2438 appellat,
363 2365 424 2439 qnia
444 2370 551 2438 propter
571 2367 701 2418 mortuum
721 2353 813 2418 herum
835 2359 987 2428 effunditur,
1010 2359 1167 2435 adjectivum

98 2457 191 2504 autern
218 2444 285 2502 illud
310 2444 345 2502 ad
364 2448 498 2521 proprium
519 2445 621 2520 subet,
646 2443 750 2512 herum,
781 2443 874 2499 referri
895 2461 949 2502 noer
969 2448 1073 2516 potest,
1106 2444 1168 2514 quia

98 2530 173 2587 idern
201 2528 254 2606 adj.
281 2527 343 2586 hnic
366 2529 422 2605 jam
449 2535 490 2586 est
518 2527 644 2586 additum.
686 2525 761 2582 Haec
787 2529 868 2600 igitur
894 2527 1010 2598 antiquis
1037 2525 1170 2599 poiitissi

98 2615 229 2681 licebant,
263 2617 323 2687 quis
353 2611 451 2667 similia
480 2609 574 2666 audeat
603 2606 729 2683 Sophocli
758 2606 920 2684 abjudicare,
953 2605 1092 2681 Sophocli,
1123 2609 1169 2680 qui

100 2715 188 2773 neque
208 2685 530 2776 φοίννα·δολόμνθα
553 2685 694 2768 κέντρα,
715 2709 799 2765 neque
821 2691 874 2748 alia
894 2689 976 2752 multa
997 2689 1082 2747 dicere
1102 2693 1169 2748 reri-

99 2789 145 2840 tus
167 2787 218 2847 eet,
239 2797 306 2856 qnae
326 2780 488 2836 nostratibus
509 2795 563 2834 non
584 2778 697 2852 amplius
717 2793 845 2832 concessa
865 2774 944 2831 eunti
1116 2779 1118 2782 '

189 2859 244 2920 Sed
270 2861 349 2919 redeo
381 2860 451 2918 unde
478 2859 626 2936 digressus·
644 2875 713 2920 sum.
768 2855 903 2915 Scholiurn
938 2846 1019 2916 Οὐδ’
1046 2845 1083 2925 ὃς
1108 2847 1172 2929 τήν

103 2935 403 3026 θερμοτάτην...
436 2937 582 3022 αἱμάδα,
616 2935 746 3013 τήν...
775 2929 1029 3018 ἀναδιδομένην
1056 2939 1171 2996 nondum

104 3031 286 3098 demonstrat,
314 3031 415 3086 auctori
444 3047 493 3084 suo
520 3045 573 3084 non
602 3025 720 3083 doluisse
741 3027 892 3084 articulum:
923 3024 1032 3081 debebat
1053 3027 1122 3103 en'rn
1143 3026 1171 3078 in

105 3116 320 3190 interpretatione
352 3112 399 3169 ille
430 3110 527 3187 adjici,
561 3109 665 3168 etiamsi
692 3112 719 3164 iu
749 3113 847 3184 po‘e'tae·
871 3109 958 3163 verbis
986 3105 1084 3164 deerat.
1135 3105 1172 3160 Et

106 3201 199 3256 ornisit
226 3196 363 3253 articulum
392 3197 466 3251 metri
493 3213 574 3250 causa
598 3211 657 3249 cum
686 3193 748 3248 aliis
776 3209 845 3247 nuuc
866 3189 958 3246 Herm.
980 3192 1007 3243 in
1029 3193 1172 3244 retractalt.

114 3270 205 3340 011ὃὲ
234 3299 313 3348 vero,
342 3277 413 3354 quod
440 3278 502 3334 olim
530 3276 622 3335 Herm.
647 3278 675 3330 in
705 3272 747 3328 ed.
773 3270 910 3330 aWund.
932 3271 1054 3344 probatus
1077 3271 1173 3332 coniicit,

110 3365 197 3422 schol.
221 3369 290 3420 certe
312 3357 404 3436 utique
424 3360 524 3418 habuit.
549 3358 632 3415 Porro
656 3351 689 3412 ad
709 3375 737 3412 v.
749 3348 821 3414 702.
837 3359 990 3409 annotatum
1006 3357 1061 3410 est:
1085 3343 1177 3408 τότεΙ

111 3441 191 3526 γὰρ
221 3435 323 3518 ἡνίκα
344 3433 526 3516 ἐξανίησι
548 3429 788 3515 δακὲθνθμος
808 3426 889 3503 ἄτα,
911 3421 1025 3514 ἕρπει
1055 3423 1177 3508 πόρον

110 3517 228 3589 ἄλλοτ’
246 3515 600 3603 detauctoritatem,
622 3511 730 3599 ὥσπερ
753 3515 836 3588 παῖς
857 3509 934 3577 ἄνευ
956 3511 1057 3597 φίλης
1078 3502 1177 3585 τιθεί-

113 3630 175 3686 νης
195 3603 360 3710 ὖπαὶρχων.
402 3611 485 3684 Legit
504 3611 585 3685 igitur
605 3605 648 3662 hic
669 3596 780 3684 ἕρπει,
807 3623 854 3680 pro
878 3623 927 3678 quo
949 3601 1041 3660 Herm.
1061 3603 1090 3656 iu
1112 3595 1176 3655 edit.

112 3699 209 3772 aliique
238 3711 333 3776 ειρπε,
355 3698 512 3772 posuerunt,
543 3697 570 3788 pt
599 3680 678 3767 γάρ,
703 3687 778 3780 ¹quod
798 3687 867 3744 idern
891 3686 980 3741 llerur.
1004 3685 1067 3742 olim
1089 3686 1117 3738 in
1140 3675 1177 3741 δέ

115 3783 232 3848 mutavit,
253 3785 282 3835 in
301 3785 417 3836 retracti.
439 3783 527 3834 tannen
549 3763 646 3848 ε’ρπει
667 3787 732 3852 γαρ
754 3774 862 3827 omniuo
884 3771 1005 3846 ejiciens:
1027 3775 1082 3822 tune
1104 3763 1179 3822 scho-

115 3865 194 3922 liasta
227 3863 294 3937 legit
327 3850 451 3922 ἄλλοτε
486 3865 512 3915 et
548 3847 671 3929 ἄλλον,
708 3875 754 3934 pro
785 3855 877 3928 quibus
908 3853 1042 3910 vocabulis
1078 3849 1180 3926 quidam

123 3937 240 4006 ἄλλον
256 3935 347 4022 ἄλλᾳ
373 3946 552 4022 conjecerunt,
581 3947 619 4006 et,
635 3929 712 4008 τότ’,
739 3937 809 4012 qood
830 3955 846 3995 ε
867 3933 952 3992 schel.
971 3938 1103 3994 inreritum
1126 3954 1186 3992 esse

121 4034 218 4109 injuste
247 4029 340 4090 Herm.
368 4033 397 4086 in
423 4027 465 4085 ed.
492 4026 613 4101 negauit,
643 4023 671 4078 in
697 4027 814 4077 retracti.
841 4011 918 4077 τότε
940 4028 964 4076 at
987 4023 1049 4095 ipsc·
1066 4037 1184 4074 seruans.

124 4113 191 4172 Tmu
225 4116 347 4189 quoniam
376 4113 422 4170 ille
448 4095 556 4188 ὥσπερ
587 4099 735 4174 παῖς....
756 4095 909 4183 ὑπάρχων
930 4107 975 4174 ait,
997 4112 1021 4160 et
1044 4103 1077 4159 ad
1098 4089 1187 4158 ὅθεν
