2898 4754
188 364 192 376 ,
258 302 301 372 bb

258 469 314 538 111
334 466 477 538 mabbo.
519 474 572 535 Sed
593 480 682 554 potins
703 475 815 544 videtur,
835 475 895 534 sola
915 475 1123 552 interpunctione
1145 481 1246 537 nomo
1263 482 1331 536 scri-

259 565 332 624 bere:
354 552 514 641 Koipaor.
535 552 795 642 Ἐπαφρόδιτος·
818 545 966 640 κάρτα,
986 551 1024 618 ἐκ
1044 553 1109 619 τῶν
1124 555 1233 623 Σ....
1257 561 1333 620 Tum
1432 619 1433 623 ,

259 645 325 704 baec
345 653 455 722 sumpta.
476 655 538 704 suut
559 666 593 703 ex
618 648 679 723 ejus
705 646 809 704 lexesin
830 646 862 702 ab
883 643 970 706 ssbol.
991 641 1076 702 Arist.
1097 643 1224 704 laudetis.
1270 643 1332 720 (Cf.

258 729 435 805 Richterum).
484 729 595 788 Cetorm
620 729 724 807 quidem
746 727 920 806 Epaphroditi
946 727 1278 806 promissimus.
1302 738 1330 788 ei
1433 754 1435 778 s

260 813 432 876 sobolflom.
451 815 548 872 allatae
570 814 604 872 ad
625 813 700 872 solos
721 818 816 890 poitss
838 817 953 872 comicos
976 821 1056 888 atque
1076 816 1165 889 epicos
1187 817 1330 890 pertinent.

307 929 311 936 ,
342 899 454 957 Praeter
487 898 557 956 bono
582 902 779 976 grammaticum
812 897 948 956 Soteridas
969 897 1142 976 Epidaurius,
1174 897 1333 974 Pamphilus

259 990 346 1060 pater,
379 983 487 1040 Tiberio
519 991 546 1040 et
572 981 680 1040 Nerone
714 985 914 1060 imperatoribus
942 986 1047 1040 scenica
1084 1001 1165 1058 opera
1196 987 1332 1045 aarum.
1434 997 1435 1002 ’

259 1069 372 1143 Scripsit
393 1071 460 1124 enirn
483 1063 677 1126 Alexandrini
703 1067 839 1144 Euripidis
859 1066 1073 1144 hypomnematis:
1111 1065 1155 1128 cf.
1176 1065 1332 1126 lliclrterum

260 1143 358 1227 [194.
400 1149 477 1208 illios
508 1156 643 1226 potiamur
674 1155 836 1212 scenicorum
867 1156 1022 1228 interpretes
1053 1151 1101 1208 illo
1138 1157 1254 1228 tempore
1275 1171 1333 1210 nor
1435 1207 1436 1220 ,

180 1261 182 1270 =
259 1239 358 1295 inveni.
397 1233 452 1294 Sed
471 1237 568 1294 multae
589 1241 773 1296 annotationes
794 1239 871 1294 etiam
893 1237 964 1294 ultra
984 1255 1041 1294 eam
1063 1243 1173 1295 aetatem
1195 1235 1333 1305 recedunt,

260 1321 349 1394 itaque
371 1320 494 1396 majorem
517 1323 568 1376 sibi
596 1320 730 1378 vindicant
759 1325 950 1383 auctoritatem.
992 1319 1113 1378 Vidimus
1134 1323 1224 1388 ,enlm‚
1251 1339 1332 1395 qnam
1434 1325 1436 1390 j

262 1401 401 1479 diligenter
431 1403 562 1475 Didymus
593 1409 723 1481 prioribus
745 1409 937 1464 commentariis
958 1423 1025 1464 usus
1052 1411 1138 1473 esset3
1172 1403 1235 1478 quid
1255 1425 1331 1474 vero,

261 1487 332 1561 quod
353 1507 399 1545 eos
428 1507 481 1546 non
508 1493 645 1565 usurpavit
665 1491 767 1558 solnm,
798 1489 845 1548 sed
875 1509 910 1547 ex
929 1498 1003 1564 parte
1020 1492 1109 1552 ¹etiarn
1134 1492 1162 1544 in
1183 1507 1259 1546 suum
1281 1487 1332 1560 hy·
1435 1475 1436 1508 ³

261 1590 398 1646 pomnema
419 1566 621 1648 transscripsit?
648 1574 693 1630 Sic
714 1573 853 1632 Richterus
874 1565 1033 1650 18111111
1056 1571 1183 1641 „Scholia
1203 1577 1230 1629 in
1248 1572 1330 1630 Hom.

261 1648 753 1731 montemaltum.
780 1673 809 1719 o.
831 1651 882 1719 86.
904 1674 934 1718 τ.
956 1649 1078 1720 71181.
1102 1651 1172 1716 116.
1195 1673 1233 1732 φ.
1258 1651 1332 1719 110.

261 1734 325 1800 1163
343 1741 486 1812 Didymum
518 1762 571 1800 non
603 1743 689 1800 solum
733 1744 896 1818 persolvisse
1047 1745 1216 1816 interpretum
1251 1741 1331 1817 Epiri

261 1829 435 1900 antiquiorum
465 1829 666 1884 commentarios
694 1825 806 1902 docent,
836 1826 883 1886 sed
912 1830 997 1902 ipsum
1026 1843 1128 1900 quoque
1150 1825 1255 1882 illorum
1282 1846 1329 1882 ex·

261 1909 416 1984 plicationes
438 1915 465 1967 in
488 1931 537 1968 sua
557 1915 641 1986 ipsius
667 1909 867 1986 hypomnemata
888 1909 945 1986 pro'
958 1913 1064 1968 arbitrio
1087 1912 1218 1984 recepisse
1241 1917 1330 1967 osten·

263 1992 357 2052 dunt.“
399 1991 486 2069 Major
508 2004 578 2050 certe
599 1993 764 2050 laudatorum
787 1993 946 2054 scholiorum
968 2013 1030 2070 pars
1051 1992 1080 2050 id
1096 1991 1198 2070 probat.
1242 1990 1331 2068 Atque

262 2078 301 2132 ita
321 2079 435 2151 priorum
466 2080 610 2134 sententias
639 2075 769 2135 Didvmus
797 2077 831 2136 ad
851 2077 929 2138 Pind.
953 2077 997 2138 01.
1019 2071 1136 2138 1155.
1159 2076 1249 2145 alleri,
1270 2081 1332 2154 ipse
1436 2128 1437 2132 ,

261 2157 324 2216 Istri
346 2161 545 2235 explicationem
567 2162 733 2236 praeterens,
761 2174 788 2218 et
809 2161 843 2219 ad
863 2160 943 2220 Nem.
956 2162 1004 2222 lll.
1021 2157 1049 2223 l.
1070 2170 1142 2218 totas
1164 2181 1209 2218 eas
1232 2160 1331 2218 descri-

262 2245 311 2302 bit.
354 2243 424 2300 Idem
448 2252 518 2313 erat,
554 2247 598 2320 qul
619 2249 787 2322 interpretum
817 2247 921 2303 illorum
950 2239 1134 2303 annotationes
1163 2247 1191 2302 in
1227 2244 1333 2303 scholia

263 2326 346 2405 Soph.
379 2329 527 2386 transtulit:
563 2329 612 2388 hoo
644 2333 712 2388 enim
745 2349 824 2406 supra
855 2329 1006 2389 ostendisse
1028 2331 1103 2387 nobis
1125 2332 1251 2390 ridemur.
1294 2329 1334 2388 Et

263 2419 495 2470 comrrremorentur
527 2413 629 2488 quidem
659 2416 695 2472 ibi
722 2413 972 2492 hypomnematistae
1000 2423 1027 2472 ei
1047 2421 1172 2491 exegetae
1195 2432 1250 2472 non
1271 2433 1334 2472 raro
1441 2449 1442 2476 l

263 2495 303 2574 (r.
324 2497 434 2556 indicem
460 2495 587 2575 Eliusl.);
620 2502 701 2558 ruulto
732 2504 837 2578 saepius
866 2503 924 2558 sine
952 2499 1030 2558 11111
1057 2499 1152 2556 ibidem
1181 2497 1335 2570 afferuntur,

263 2587 315 2641 etsi
336 2583 454 2642 lontibus
476 2603 529 2642 non
550 2579 742 2658 enuntiatis*).
785 2583 864 2644 Velut
885 2590 953 2642 enim
974 2583 1082 2654 Didymi
1103 2601 1197 2640 nomen
1218 2583 1333 2659 plemm-

264 2687 313 2744 que
333 2669 448 2726 uidimus
471 2672 596 2726 omissum
624 2689 695 2736 esse,
723 2673 763 2725 ita
783 2673 860 2726 etiam
883 2668 1133 2745 hypomnematistas
1155 2685 1208 2724 non
1229 2687 1335 2743 seraper
1441 2709 1442 2744 p

264 2751 362 2810 diserte
384 2750 546 2827 significatos
574 2772 634 2812 esse
662 2761 704 2810 est
724 2762 943 2822 consentaneum,
972 2761 999 2811 et
1027 2756 1079 2811 nisi
1100 2752 1226 2828 permulta
1247 2751 1333 2822 Didy·
1441 2747 1442 2750 '

263 2855 322 2896 mus
344 2855 377 2894 ex
399 2835 492 2890 alienis
514 2836 588 2896 libris
609 2841 638 2895 in
659 2853 735 2893 suum
756 2855 833 2893 ursum
850 2840 1031 2907 convertisset,
1052 2841 1098 2894 rix
1112 2843 1207 2892 tantam
1223 2853 1333 2912 operum

263 2921 358 2978 molem
381 2921 505 2979 conficere
525 2931 637 2996 poterat.
659 2919 768 2978 Accedit
789 2919 859 2997 quod
880 2939 933 2980 non
955 2921 1037 2980 multo
1059 2929 1121 3000 post
1134 2925 1186 2977 ista
1205 2923 1333 2996 epitoma·

263 3012 349 3064 torum
371 3003 501 3064 sedulitas
523 3005 592 3082 apud
614 3007 732 3064 Graecos
755 3003 941 3082 Romanosque
954 3011 1075 3064 »inanime
1097 3005 1222 3064 ellloruit.

348 3087 402 3148 Sed
424 3093 534 3146 certiora
556 3091 711 3148 documenta
738 3100 853 3152 exstant.
896 3087 965 3148 Nam
980 3093 1007 3148 in
1020 3089 1104 3152 schol.
1116 3089 1148 3147 0.
1166 3081 1331 3153 1111371.

263 3183 384 3250 tanquam
407 3177 535 3252 propriam
557 3195 611 3234 rem
632 3179 760 3251 interpres
781 3177 889 3252 profert,
911 3180 1040 3234 neminem
1062 3183 1122 3232 ante
1145 3191 1174 3231 se
1188 3171 1221 3230 de
1236 3165 1334 3252 Oedipi

263 3264 444 3318 exsecratione
466 3259 580 3318 locutum
602 3279 678 3330 esse3
701 3259 753 3318 alia
774 3263 855 3338 igitur
876 3279 910 3317 ex
930 3259 1054 3337 hypomn.
1085 3257 1189 3316 haurire
1217 3263 1331 3336 poterat.

263 3343 333 3400 'l'um
356 3343 426 3418 quod
446 3343 510 3404 ibid.
533 3345 567 3403 ad
587 3363 614 3408 v.
635 3337 707 3406 684.
731 3355 836 3404 auctore
858 3363 911 3402 non
933 3349 1066 3406 nominato
1081 3347 1229 3412 annotatur,
1250 3343 1330 3418 paulo

263 3433 325 3482 anie
357 3427 391 3483 ad
421 3419 494 3486 681.
525 3449 559 3486 ex
589 3427 834 3508 hypermnematistis
867 3428 1025 3505 descriptum
1051 3435 1123 3497 erat,
1156 3435 1182 3484 et
1204 3425 1274 3502 quod
1296 3447 1331 3486 ex

263 3509 431 3586 Praxiphane
452 3507 515 3569 ibid.
538 3513 572 3569 ad
592 3507 677 3582 900„
697 3513 767 3570 idern
788 3531 814 3575 v.
835 3505 909 3574 899.
931 3513 1004 3570 tonte
1027 3515 1125 3570 omisso
1147 3511 1267 3570 traditur.

349 3593 402 3658 Qui
422 3612 485 3650 rero
505 3595 547 3652 llli
568 3595 818 3672 lrypomnematistae
840 3597 945 3666 fuerint,
967 3601 1026 3673 ipsa
1042 3595 1211 3654 haecrersus
1221 3593 1253 3658 0.
1268 3593 1332 3656 cor.

157 3664 188 3710 '¹
260 3671 336 3740 9⁰⁰.
357 3681 491 3737 annotatio
514 3679 653 3756 patefacit,
685 3683 729 3738 ubi
760 3686 874 3741 omnium
894 3672 1153 3760 ἐξηγησαμένων
1174 3681 1270 3757 optime
1292 3677 1333 3738 dr·

264 3766 331 3821 citur
350 3761 532 3842 Praxiphanes
562 3764 662 3839 aliquid
689 3767 856 3842 explicuisse.
900 3766 963 3824 Sine
985 3765 1063 3823 dubio
1084 3765 1128 3823 bio
1144 3763 1332 3840 ‘Theophrasti

264 3845 409 3924 discipulus
430 3855 480 3918 est,
502 3869 577 3926 quern
599 3847 711 3908 Proclus
732 3855 760 3908 in
781 3853 848 3928 prol.
871 3849 906 3910 ad
920 3849 1163 3912 Hesiodunacnm
1175 3846 1333 3907 inomao

264 3922 343 3998 τούς
363 3925 495 4010 στίχους
515 3925 708 4012 ὀβελίζοντι
727 3939 887 4012 prooemium
907 3935 940 3991 ab
962 3933 1082 3992 Hesiodo
1105 3933 1270 4012 abjudicass'e
1283 3936 1333 4002 ait,

264 4016 279 4078 1
283 4016 317 4074 cf.
344 4017 495 4078 Richterurn
531 4039 558 4096 p.
586 4015 653 4096 52.)
680 4023 757 4098 plane
791 4023 829 4079 ita
856 4029 885 4082 ut
909 4017 1049 4096 Sophoclis
1080 4017 1331 4098 hypomnematista·

271 4143 469 4160 mmm-*¹¹⁸-

335 4206 362 4272 0)
379 4207 413 4262 Gt.
433 4206 457 4258 li.
477 4201 620 4252 llitsobeliun
639 4206 667 4252 ds
685 4203 962 4264 0111011111Λῦ
980 4217 1016 4266 sq.
