2898 4754
194 356 198 371 .
264 299 307 368 ffl

264 467 319 534 abab
340 463 483 534 nordico.
526 471 578 532 Sed
599 478 689 550 potins
709 473 820 542 videtur,
841 474 901 534 sola
921 475 1129 551 inmmurotioae
1150 479 1250 537 motata
1267 479 1334 534 rcri-

264 562 338 620 bere:
359 549 520 638 Koipso.
541 549 800 639 Ἐπαφρόδιτος·
824 544 972 639 κάρτα,
991 551 1030 616 ἐκ
1049 551 1114 617 τῶν
1130 553 1238 622 22...
1262 559 1335 618 Tum

264 642 330 702 haec
350 650 460 719 sumpta⁴
482 652 544 700 sant
565 663 599 700 ex
623 645 691 721 ejus
711 645 815 702 lexesin
835 645 868 700 ab
889 641 975 705 schol.
997 640 1081 700 Arist.
1103 641 1229 704 laudatis.
1274 642 1335 718 (cf.

264 727 440 802 Richterum).
490 726 601 784 Ceterae
625 727 730 804 quidem
752 726 926 804 Epaphroditi
952 728 1059 805 glossae
1073 730 1109 784 in
1128 727 1218 798 Etym.
1241 725 1281 788 M.
1305 736 1333 787 et

265 810 350 872 schol.
360 811 438 868 Hom.
457 811 553 868 allatae
575 811 610 870 ad
629 811 705 871 solos
727 817 821 888 poetae
844 816 959 870 comicos
982 819 1061 887 atque
1082 815 1171 888 epicos
1192 815 1334 888 pertinent.

348 895 460 953 Praeter
493 895 562 954 hunc
588 900 784 974 grammaticum
817 896 953 955 Soteridas
974 896 1148 974 Epidaurius,
1180 895 1337 972 Pamphilae

264 986 351 1056 pater,
385 980 492 1037 Tiberio
524 988 551 1038 et
578 979 686 1038 Nerone
719 983 919 1058 imperatoribus
948 985 1053 1039 scenica
1090 1000 1170 1057 opera
1202 985 1336 1054 tractarit.

264 1065 377 1140 Scripsit
398 1069 466 1122 enirn
488 1061 636 1122 Alexandri
654 1074 682 1124 et
709 1065 844 1142 Euripidis
864 1065 1078 1143 hypomnemrta:
1117 1065 1160 1126 cf.
1182 1063 1337 1124 llicbteruur
1440 1125 1441 1136 ,

265 1141 363 1224 qa'94.
406 1147 482 1206 Alios
514 1154 648 1225 poitanrm
679 1155 842 1210 scenicorum
873 1155 1027 1228 interpretes
1059 1150 1106 1207 ilio
1143 1155 1258 1226 tempore
1280 1169 1338 1208 non

185 1259 188 1268 «
264 1236 364 1293 inveni.
403 1231 457 1292 sei
477 1235 574 1292 multae
594 1239 778 1294 annotationes
800 1239 877 1292 etiarn
899 1237 969 1294 ultr'a
990 1255 1046 1293 eam
1069 1241 1178 1294 aetatem
1201 1233 1338 1303 recedunt,

265 1319 354 1392 itaque
376 1319 500 1394 majorem
523 1321 573 1374 sihi
601 1319 735 1376 vindicant
765 1324 955 1382 auctoritatem.
997 1318 1118 1376 Vidimus
1139 1322 1228 1387 ,euim
1255 1337 1337 1393 quarn

267 1399 406 1476 diligenter
437 1401 567 1473 Didymus
599 1407 728 1480 prioribus
751 1408 942 1464 commentariis
964 1423 1030 1462 usus
1058 1411 1143 1472 esset3
1178 1402 1240 1478 quid
1259 1423 1335 1472 vero,

267 1485 337 1558 quod
358 1505 405 1542 eos
434 1505 487 1544 non
514 1491 650 1563 usurpavit
671 1489 772 1556 solum,
804 1488 850 1546 sed
881 1508 915 1546 ex
935 1497 1008 1563 parte
1036 1491 1114 1544 etiam
1139 1491 1168 1543 in
1189 1507 1264 1544 suum
1286 1485 1336 1557 by·

266 1587 404 1644 pomnema
424 1564 626 1646 transscripsit?
654 1572 699 1628 Sic
719 1571 858 1630 Richterus
880 1593 906 1648 p.
917 1565 969 1632 89.
988 1576 1038 1629 ait:
1061 1570 1189 1640 „Scholia
1209 1575 1236 1628 in
1253 1570 1335 1627 Hom.

266 1653 299 1713 ll.
321 1645 354 1728 β.
380 1649 449 1714 lll.
471 1669 498 1712 κ.
520 1647 571 1716 45.
592 1649 664 1716 347.
685 1648 758 1717 441.
786 1672 815 1717 ο.
837 1650 887 1718 86.
910 1673 939 1718 τ.
962 1649 1012 1719 76.
1033 1649 1084 1715 81.
1108 1650 1177 1714 116.
1201 1672 1239 1731 φ.
1263 1647 1338 1716 110.

266 1731 330 1798 663
348 1737 491 1810 Didymum
524 1760 577 1798 non
609 1741 695 1798 solum
738 1743 901 1817 pervolvisse
1052 1745 1221 1816 interpretum
1257 1739 1337 1815 Epici
1389 1743 1393 1752 '

267 1826 441 1898 antiquiorum
471 1827 671 1882 commentarios
701 1823 812 1895 docent,
842 1825 889 1885 sed
917 1829 1002 1902 ipsum
1032 1840 1133 1900 quoque
1155 1825 1260 1880 illorum
1287 1843 1336 1880 ex·

266 1907 422 1980 plicationos
444 1913 471 1964 in
494 1929 543 1966 sua
563 1913 647 1984 ipsius
673 1907 873 1984 hypomnemata
894 1907 951 1984 pro'
964 1913 1070 1967 arbitrio
1092 1912 1223 1984 recepisse
1246 1914 1337 1964 osten·

268 1989 362 2049 dunt.“
404 1989 492 2066 blojor
514 2001 583 2046 certe
605 1990 769 2046 laudatorum
792 1993 951 2050 scholiorum
973 2012 1035 2066 pars
1056 1991 1085 2047 id
1101 1993 1203 2066 probat.
1247 1987 1338 2064 Atque

267 2075 306 2128 ita
327 2076 440 2148 priorum
471 2077 615 2130 sententias
644 2071 774 2130 Didrmus
802 2073 836 2130 ad
856 2074 934 2133 Pind.
958 2074 1002 2134 01.
1024 2073 1069 2134 VI.
1091 2068 1141 2132 55.
1164 2075 1254 2142 affert,
1275 2078 1340 2150 ipse

266 2155 329 2212 lstri
351 2157 550 2231 explicationem
572 2158 738 2232 praeferens,
766 2169 793 2214 et
814 2157 848 2214 ad
868 2155 948 2215 Nem.
961 2157 1009 2217 iii.
1026 2153 1054 2218 1.
1075 2165 1147 2212 totas
1170 2176 1214 2212 eas
1235 2157 1340 2220 ,descri-

267 2241 316 2298 bit.
359 2239 429 2296 ltlem
453 2248 524 2309 erat,
559 2243 603 2316 qui
624 2245 792 2317 interpretum
821 2241 927 2299 illorum
956 2238 1138 2298 annotationes
1167 2241 1196 2296 in
1233 2238 1343 2299 scholia

268 2323 351 2402 Soph.
384 2325 532 2381 transtulit:
568 2325 617 2384 hoc
649 2328 717 2382 enim
750 2345 830 2402 supra
861 2325 1012 2384 ostendisse
1033 2325 1108 2382 nobis
1129 2325 1257 2384 ridemur.
1300 2323 1343 2384 Et

268 2415 501 2466 commemorantur
533 2409 635 2484 quidem
664 2411 700 2467 ibi
727 2407 978 2488 hypomnematistae
1006 2418 1033 2467 et
1053 2415 1177 2484 exegetae
1201 2424 1255 2464 non
1277 2427 1342 2466 raro

268 2492 308 2572 (r.
329 2494 440 2552 indicem
465 2493 593 2571 Elrnsl.);
626 2491 709 2552 multo
738 2499 843 2572 saepius
872 2498 929 2553 sine
958 2495 1035 2552 dubio
1062 2493 1158 2550 ibidem
1186 2491 1343 2564 afferuntur,

269 2580 459 2638 etsi-fontibus
482 2599 535 2636 non
556 2583 698 2638 enuntiatis
706 2573 748 2653 1).
791 2579 870 2639 Velai
891 2583 959 2636 enim
980 2579 1088 2650 Didymi
1109 2593 1203 2633 nomen
1224 2576 1341 2652 plerum-

269 2684 319 2740 que
339 2665 454 2722 vidimus
477 2668 602 2722 omissum
630 2685 701 2731 esse,
730 2667 768 2720 ita
789 2668 866 2722 etiam
889 2663 1139 2738 hypomnematistas
1161 2679 1214 2716 non
1235 2679 1343 2736 semper

269 2749 368 2806 diserte
390 2746 552 2822 significatos
580 2767 640 2806 csse
668 2755 710 2804 est
730 2755 949 2815 consentaneum,
979 2753 1005 2803 et
1033 2749 1084 2803 nisi
1106 2745 1234 2820 permulta
1254 2743 1341 2814 Didy-

269 2851 328 2890 mus
350 2851 383 2888 ex
405 2831 498 2885 alienis
520 2831 594 2890 libris
615 2835 645 2889 in
666 2847 740 2887 suum
762 2849 839 2886 usum
856 2833 1037 2898 convertisset,
1058 2833 1104 2886 rix
1118 2835 1214 2884 tantam
1231 2845 1340 2905 operum

269 2917 364 2974 molem
387 2916 511 2974 conficere
531 2924 643 2991 poterat.
665 2912 774 2972 Accedit
796 2913 865 2990 qnod
886 2933 939 2972 non
961 2911 1043 2972 multo
1065 2919 1127 2990 post
1140 2916 1193 2968 ista
1212 2917 1340 2989 epitoma·

270 3007 355 3058 torum
378 2999 507 3058 sedulitas
529 3001 598 3076 apud
620 3001 738 3070 Graecos
761 2997 947 3074 Romanosque
961 2991 1081 3054 anamma
1103 2997 1228 3056 effloruit.

355 3083 408 3143 Sed
430 3087 540 3140 certiora
563 3084 717 3142 documenta
744 3091 859 3144 exstant.
902 3079 972 3138 Nam
986 3085 1013 3140 in
1027 3081 1155 3144 schol.0.
1172 3079 1230 3137 Col.
1245 3073 1337 3146 1375.
1440 3103 1441 3112 ’

269 3178 390 3245 tanquam
413 3171 542 3252 propriam
564 3187 618 3226 rem
639 3173 766 3244 interpres
787 3169 895 3244 profert,
917 3171 1046 3224 neminem
1069 3175 1128 3224 ante
1152 3183 1180 3223 se
1195 3165 1227 3222 de
1242 3165 1340 3244 Oedipi
1440 3177 1441 3182 ’

269 3258 450 3320 exsecratione
472 3255 586 3310 locutum
609 3273 684 3322 esse3
707 3253 760 3310 alia
780 3255 862 3330 igitur
883 3269 916 3309 ex
937 3249 1060 3328 hypomn.
1091 3249 1195 3308 haurire
1223 3255 1337 3326 poterat.

270 3337 340 3394 Tum
363 3337 517 3413 quodibid.
540 3337 574 3396 ad
594 3357 621 3400 v.
642 3329 714 3398 684.
738 3333 918 3396 auctore'non
939 3341 1072 3396 nominato
1088 3339 1235 3403 annotatur,
1257 3336 1336 3410 paulo

270 3428 331 3478 ante
363 3421 398 3478 ad
428 3413 501 3480 681.
532 3442 566 3479 ex
596 3419 840 3500 lrypomnematistis
873 3420 1031 3496 descriptum
1058 3427 1130 3488 erat,
1162 3426 1189 3475 et
1211 3417 1280 3494 quod
1302 3439 1337 3478 ex

269 3505 437 3581 Praxiphane
459 3501 521 3564 ibid.
545 3505 579 3563 ad
599 3499 684 3576 900„
704 3505 773 3563 idem
794 3523 820 3568 r.
842 3497 915 3566 899.
938 3505 1010 3562 loote
1034 3507 1131 3562 omisso
1153 3502 1273 3560 traditur.

192 3655 195 3670 Ι
356 3587 408 3652 Qui
429 3607 491 3645 vero
512 3591 554 3646 ilii
575 3589 825 3666 hypomnematistae
847 3589 952 3658 luerim,
974 3593 1033 3666 ipsa
1049 3583 1259 3648 lraeerersusO.
1274 3583 1336 3646 cot.
1440 3575 1441 3590 ¹

163 3691 171 3706 ⁴
267 3667 343 3734 900.
364 3676 498 3732 annotatio
520 3675 659 3750 patefacit,
692 3677 736 3731 ubi
767 3679 881 3733 omniurn
901 3663 1159 3751 ἐξηγησαμένων
1181 3673 1276 3748 optime
1298 3669 1337 3728 dr-

271 3761 338 3826 eitur
357 3755 539 3834 Praxiphanes
569 3758 668 3833 aliquid
696 3761 863 3835 explicuisse.
907 3758 970 3815 Sine
992 3759 1069 3816 dubio
1091 3756 1135 3814 hic
1153 3753 1336 3831 Theophrasti

272 3841 416 3918 discipulus
438 3849 487 3912 est,
509 3863 584 3920 quern
606 3843 718 3901 Procius
739 3849 767 3902 in
788 3845 855 3921 prol.
878 3841 913 3901 ad
927 3842 1170 3904 Hesiod.unacum
1182 3837 1337 3898 Aristarnho

272 3917 351 3994 τούς
371 3919 502 4004 στίχους
523 3919 715 4004 όβελίζοντι
734 3931 894 4005 prooemium
915 3928 947 3983 ab
969 3927 1089 3984 Hesiodo
1112 3924 1276 4003 abjudicante
1289 3927 1337 3992 ait,
1440 3953 1441 3964 .

272 4011 324 4076 (ci.
352 4011 502 4072 Richtorum
538 4033 565 4090 p.
593 4007 660 4090 62.)
688 4015 764 4090 plane
798 4017 836 4071 ita
863 4020 893 4072 ut
916 4011 1056 4088 Sophoclis
1087 4009 1335 4088 hypomnematisia·
1440 3987 1441 4020 ³

278 4139 339 4154 uma·-
347 4137 477 4158 nun-*P*-

342 4199 369 4265 ·)
387 4200 421 4254 Gt,
441 4199 465 4250 F.
485 4194 628 4244 ititsobetinnr
647 4199 675 4244 de
693 4197 739 4244 Oro
756 4205 779 4246 et
795 4198 878 4245 Orione
896 4210 919 4256 p.
937 4197 970 4250 ab
988 4209 1024 4257 tq.
