2874 4758
1087 401 1131 469 83

147 562 239 632 1167.
281 557 394 642 cidaris
420 559 451 627 δ’
477 559 565 643 (ἐστὶ
591 559 702 644 νόσος)
732 557 840 650 ἔχειν
868 561 1131 654 μόριονᾶχθος,

61 639 87 740 ᾧ
117 645 272 726 ξυνοικεῖ.
324 652 415 712 Soloi.
451 643 621 732 ἄγνωστος
653 645 738 733 ιιρὸς
773 647 814 712 sd
849 645 1019 732 ὀχεῖσθαι.
1066 659 1132 718 inde
1210 651 1217 670 ⁸

60 739 144 798 llind.
165 741 312 796 rectissime
334 738 463 794 conclusit
483 736 689 816 Hermannoqne,
700 741 840 814 persuasit,
861 737 1030 802 scholiasta·
1046 733 1133 820 ὀχεῖν

61 824 175 901 legisse3
203 821 282 897 idque
309 824 395 897 ipsum
424 823 486 898 quia
507 829 536 878 et
556 825 713 898 exquisitius
735 831 792 900 est,
807 831 850 896 {et
870 823 975 881 facilius
996 827 1023 882 in
1045 815 1132 904 ἔχειν

62 909 157 964 mutari
186 913 303 982 poterat,
335 924 411 982 quam
440 911 545 974 contra,
577 905 752 982 recipiendum
781 905 866 979 duco,
898 914 928 965 ut
956 925 1051 968 sensus
1079 913 1130 967 sit:

37 989 174 1052 ¹lllorbus
202 992 288 1050 nescit
315 1008 347 1045 ea
372 989 442 1046 mala
468 989 598 1065 perferre,
626 992 777 1065 quibuscum
807 993 962 1067 conjunctus
984 987 1036 1062 eal,
1066 996 1085 1054 i.
1108 1013 1133 1050 e.

61 1075 171 1142 famem,
200 1071 384 1141 solitudinem,
414 1073 476 1130 alia.
518 1071 610 1135 Herm.
632 1073 736 1149 qnidam
758 1077 785 1132 in
805 1083 922 1132 retraett.
945 1067 1053 1154 ἴσχειν
1074 1095 1134 1140 eon·

61 1159 139 1235 jecit,
174 1155 244 1232 qnod
277 1159 297 1213 i.
327 1176 352 1232 q.
382 1155 504 1214 cohibere
532 1157 692 1234 significaret
723 1177 754 1215 ac
781 1160 868 1216 verbo·
889 1147 1030 1234 βόσκειν
1063 1165 1136 1217 esset
1230 1169 1233 1174 “

63 1245 227 1317 oppositum3
256 1239 304 1298 sed
325 1260 408 1316 neque
431 1243 562 1298 sententia
581 1259 704 1300 versuum
725 1239 777 1299 lioc
797 1243 928 1318 postulat,
956 1259 1041 1318 neque
1062 1263 1134 1300 men·

64 1345 136 1394 sura,
158 1323 289 1400 siquidem
310 1328 465 1402 saepissime
486 1323 556 1402 apud
576 1323 733 1402 Sophoclem
746 1327 828 1384 ,tanis
845 1327 961 1404 jambica
976 1326 1134 1402 spondeicus

64 1429 105 1466 res
125 1407 213 1466 ondet.

106 1430 122 1488 p
147 1483 241 1554 1178.
266 1481 360 1550 Φίλα
379 1507 455 1572 μοι,
477 1475 563 1574 φίλα
584 1484 691 1551 ταῦτα
713 1482 948 1571 παρήγγειλας
968 1480 1081 1553 tatum
1096 1509 1136 1552 τε·

63 1566 235 1658 πράσσειν.
278 1573 369 1634 Herm.
398 1570 433 1634 τὲ
462 1579 570 1651 aptioris
593 1575 744 1632 catalexeos
766 1595 846 1633 causa
866 1575 942 1650 ejecit
949 1597 960 1651 ς
980 1577 1136 1654 ejiciendum

65 1662 128 1717 fort.
149 1660 193 1717 vel
215 1679 250 1716 ex
270 1679 321 1716 usu
343 1657 446 1716 dicendi
468 1664 534 1719 crat.
562 1658 687 1716 Solelant
700 1661 769 1716 enim
784 1649 866 1716 ἑκών
880 1650 1014 1736 {noveio
1024 1653 1140 1738 φρενί,

65 1738 139 1812 νέος
159 1737 221 1826 νέῳ
243 1733 303 1814 ξύν
322 1732 417 1823 μόρῳ
439 1730 577 1809 ἔθανες,
597 1760 752 1818 componere
773 1742 1139 1818 sineparticulacopolativa,

64 1837 89 1884 et
112 1847 163 1886 suo
186 1823 290 1902 quidem
309 1825 384 1900 jure:
414 1825 481 1881 alias
503 1827 572 1880 enim
593 1823 700 1881 eandem
723 1843 778 1880 rem
799 1825 838 1882 ita
850 1825 1038 1899 protulissent,
1061 1828 1137 1900 quasi
1213 1819 1217 1828 ’

25 1961 26 1964 ,
64 1911 135 1968 duae
157 1916 246 1966 essent
267 1927 310 1964 res
320 1907 449 1966 diversae.
478 1906 576 1964 Eadem
597 1907 660 1964 vero
682 1904 761 1984 hujus
783 1926 875 1966 versus
888 1915 930 1964 est
943 1907 1071 1978 condicio,
1093 1908 1138 1964 ubi

65 2013 144 2070 quum
174 1982 260 2072 φίλα
286 1981 376 2072 φίλῳ
403 1989 500 2046 falsam
526 1991 688 2066 praebuisset
716 1985 887 2058 seutentiam,
917 1981 1010 2070 φίλα,
1027 1981 1141 2050 ἑκόντι

68 2079 165 2134 dictum
189 2082 238 2142 est,
260 2069 347 2155 φίλα
369 2061 478 2133 ἑκόντι
499 2087 537 2132 τε
559 2093 621 2130 vero
642 2073 756 2130 molesta
778 2081 849 2132 esset
862 2074 1020 2150 tautologia.
1045 2071 1141 2150 ‚Neque
1203 2111 1206 2116 -

69 2160 239 2217 habuit'eam
264 2158 417 2234 particulam
440 2155 585 2214 scholiasta
606 2164 749 2214 annotans:
776 2149 849 2235 ἐμοὶ
868 2147 1064 2240 βουλομένῳ.
1085 2157 1163 2234 (liic,

70 2248 177 2302 incisum
205 2238 316 2316 sustuli)
346 2229 446 2318 ἧὸἑιος
473 2227 692 2300 ἀποπλεῦσαι
717 2233 869 2312 κελεύεις.
910 2235 993 2316 loque
1014 2229 1142 2300 Heuman-

73 2349 130 2386 nmn
152 2345 207 2384 non
229 2327 310 2402 fugit,
340 2328 392 2382 etsi
418 2326 580 2382 frustravit
601 2343 719 2384 summus
741 2323 843 2384 scholia
864 2323 1022 2404 emendavit.
1067 2321 1142 2387 Quae

74 2432 132 2492 non⁸
145 2413 313 2478 mutavisset,
336 2414 360 2466 si
381 2429 435 2466 non
455 2407 602 2472 Romanam
623 2415 741 2477 tantum,
763 2407 812 2465 sed
832 2407 956 2484 Elmsleji
977 2411 1066 2484 potius
1088 2406 1141 2464 edi-

75 2499 166 2552 tionem
188 2497 360 2570 inspexisset.

156 2605 248 2670 1191.
270 2599 305 2668 τί
326 2595 675 2716 ῥέξοντεςοῖλλοκότρ
799 2677 816 2702 ν

203 2725 209 2738 ,
274 2685 393 2772 γνοίμρ
415 2685 481 2750 τῶν
500 2683 621 2772 ιιοὶρος,
643 2705 692 2750 ων
713 2703 947 2772 προνφανες
967 2678 1144 2768 ιίιειιροίῖ-

342 2787 469 2855 φαινες.
814 2795 817 2802 ·

82 2895 221 2970 Utrumque
247 2897 276 2964 in
302 2893 377 2958 libris
405 2899 461 2960 ests
491 2889 544 2952 sed
567 2890 619 2950 hoc
644 2898 727 2950 metro
748 2910 802 2949 noo
823 2893 891 2949 satis
912 2892 1049 2959 convenit,
1078 2886 1146 2947 illud

85 2983 154 3036 etiam
179 2983 293 3054 ineptum
324 2985 375 3035 est.
417 2975 497 3032 Recte
518 2978 600 3052 igitur
620 2975 816 3036 Herm-verba
836 2960 882 3033 ὧν
902 2965 1097 3056 προῦφανες
1116 2981 1146 3030 ut
1219 2985 1223 2990 '

85 3064 191 3138 glossam
214 3064 292 3138 ejecit
306 3059 448 3117 secundum
464 3057 609 3117 scholium:
640 3049 680 3116 {ll
699 3047 885 3138 πράξοντες
904 3047 1041 3134 ἐναντίᾳ
1063 3049 1147 3132 7νῶ-

86 3145 161 3230 W)
184 3133 302 3223 ἕτερον
322 3136 416 3224 καροῖ
436 3133 475 3201 τό
497 3133 679 3225 πρότερον)
903 3215 905 3220 Ι

164 3257 255 3324 1199.
278 3253 351 3322 oo'd'
372 3249 401 3322 εὶ
421 3249 593 3340 πυρφόρος
614 3249 849 3398 α’στερριιὴτηῑ
879 3247 897 3348 J

76 3347 79 3354 ’
195 3395 198 3400 .
278 3339 455 3426 βρονταῖς
476 3336 632 3409 αὐτοῖς
650 3332 686 3418 μ’
707 3355 773 3400 ειοι
793 3358 820 3419 φ
843 3329 973 3417 ογιζοιν.

41 3523 42 3567 p
93 3462 171 3556 Soloi.
193 3480 244 3562 pp.
268 3457 326 3520 καὶ
347 3453 486 3538 αὐγαῖς,
512 3452 586 3526 ταῖς
605 3447 911 3554 βροντῶνυαιῖχαῖς,
938 3457 1018 3550 ταῖς,
1033 3467 1150 3532 κεραα·

92 3559 172 3618 oenoe·
193 3563 265 3610 aoso
287 3540 402 3624 μέντοι
423 3535 544 3618 λαβεῖν
565 3536 623 3598 καὶ
643 3535 791 3622 βροντας
804 3559 838 3597 α.
850 3553 878 3596 τ.
892 3531 1150 3617 βροντησας...,

93 3628 159 3689 Unde
197 3651 281 3710 paene
318 3648 408 3688 omnes
439 3620 624 3707 βροντᾶς
660 3619 811 3703 αὐγαῖς
838 3629 990 3700 receperunt
1018 3643 1033 3680 e
1062 3625 1149 3678 causis

96 3714 153 3772 ultro
174 3719 281 3792 apertis.
321 3712 374 3772 Sed
395 3713 504 3769 alterum
525 3709 735 3768 scholium:....
760 3697 833 3770 οὔδ’
855 3698 888 3766 εἰ
909 3693 1010 3774 αότός
1026 3695 1045 3764 ό
1064 3696 1152 3774 Ζεός

98 3792 253 3870 μετέλθοι
276 3791 418 3875 pta-cocis
438 3788 615 3874 βρονταῖς,
643 3797 701 3852 sine
724 3793 801 3851 dubio
824 3789 1016 3849 adlectionem
1037 3787 1152 3870 βρον-

100 3878 179 3952 ταῖς
198 3874 318 3950 αὐτός
346 3883 472 3957 pertinet,
502 3897 568 3953 quae
589 3897 622 3936 ne
644 3882 702 3954 ipsa
723 3876 826 3952 quidem
849 3883 891 3931 est
911 3873 1072 3949 spernenda,
1101 3875 1153 3930 etsi

102 3967 161 4037 prior
185 3966 291 4025 videtur
317 3971 463 4041 praestare,
493 3964 554 4037 quia
582 3980 634 4020 non
663 3962 750 4018 solnm
776 3961 932 4036 exquisitior
957 3965 1013 4028 cst,
1042 3958 1091 4017 sed
1116 3962 1155 4014 ita

103 4125 292 4141 m

131 4244 149 4298 'l
164 4247 260 4312 lncptum
277 4247 363 4295 audisis
379 4245 472 4292 incisum
487 4245 534 4303 jam
552 4243 580 4290 sb
596 4242 639 4290 ed.
653 4244 681 4290 a.
698 4252 721 4290 et
738 4241 776 4295 Bt.
794 4248 829 4288 est
846 4241 966 4291 sublatum.

906 4320 951 4384 6.
