2898 4754
1143 319 1187 388 at

693 389 712 424 4

117 515 176 554 runs
199 493 339 554 atheteses-
360 493 467 570 saepius
483 498 750 552 -cnnnnrenroranturr
779 489 858 568 idque
883 496 968 570 ipsum
995 497 1188 556 nuncluce

116 599 203 658 genus
225 577 330 636 aliunde
351 585 458 636 constat
477 579 510 636 ah
531 575 667 654 Aristoph.
679 577 754 648 -Bya,
776 583 928 653 praesertim
961 586 1039 656 atque
1070 577 1185 650 Atisim

116 661 206 741 ch0*)
233 681 293 720 esse
320 661 473 722 exercitium.
515 660 599 720 Nulla
621 670 710 726 autent
732 681 813 720 cansa
840 671 897 731 est,
920 663 1030 724 alterum
1055 664 1189 725 hominen

116 747 281 824 Praxiphani
302 749 343 804 illi
365 747 546 823 cognominem
568 749 620 807 sihi
646 747 754 823 tingere.
783 775 826 790 —-
868 747 937 806 Turn
967 747 1094 825 Harpocr.
1116 769 1141 810 s.
1162 769 1188 811 v.

117 825 301 911 δερμιστὴς
321 836 375 900 ait,·
394 824 603 912 Ἀρίσταρχος
624 825 662 890 di
683 823 745 891 τὸν
758 829 844 914 Σοφ.
866 823 1086 912 ἐξηγούμενος
1097 871 1190 896 .....

118 919 218 993 ltaque,
234 916 285 974 hos
305 919 378 974 viros
400 920 430 976 in
451 915 533 992 Soph.
564 916 675 980 scholiis
697 924 810 993 spectari
830 923 915 993 patet3
938 917 986 978 sed
1007 935 1054 994 per
1075 935 1105 975 se
1120 937 1188 976 con·

116 1011 273 1061 ooniacum
286 1012 345 1070 est,
366 1000 517 1072 Didymaeo,
539 1005 643 1082 quoties
664 999 916 1077 hyponundnratistas
938 1005 995 1060 sive
1017 993 1096 1070 τούς
1116 993 1190 1074 ἑξη-

117 1079 301 1162 γουμὲνους
320 1084 419 1154 laudet,
441 1102 496 1144 non
517 1083 550 1144 de
571 1095 643 1144 certa
663 1087 751 1161 aliqua
772 1090 940 1162 interpretum
962 1087 1065 1156 classe,
1086 1087 1136 1146 sed
1158 1087 1190 1146 de

118 1173 241 1230 omnihus
263 1173 368 1230 cornino
390 1173 582 1246 interpretibus,
605 1173 649 1246 qni
670 1187 700 1230 se
722 1174 925 1239 antecesserint,
946 1175 1080 1248 cogitare,
1105 1191 1190 1247 nequa

118 1259 205 1332 inagis
226 1258 254 1311 in
276 1274 307 1312 eo
329 1253 454 1324 Richtern
476 1254 634 1315 haerendum
657 1262 725 1324 erat,
747 1255 817 1330 quod
838 1257 951 1332 singulis
973 1273 1026 1314 non
1047 1259 1190 1314 nominatis

116 1343 263 1419 generatim
284 1341 435 1416 plenumque
456 1358 503 1399 eos
524 1339 643 1408 adamat,
666 1357 741 1415 quam
764 1343 789 1397 si
811 1344 870 1415 quis
892 1339 971 1397 hodie
993 1339 1035 1397 die
1049 1337 1190 1418 Ausleger‚

118 1422 165 1484 tlie
183 1423 306 1493 Critiker‚
324 1423 396 1494 dicit,
418 1425 521 1484 etiamsi
534 1441 602 1482 unus
619 1425 717 1482 alterve
742 1443 799 1482 cunr
823 1428 917 1482 ceteris
952 1443 1005 1485 non
1034 1429 1190 1484 consentiat.

192 1507 331 1584 *Magnam
353 1512 434 1586 igitur
455 1510 561 1566 illorum
582 1513 750 1584 interpretum
773 1511 866 1566 seriem
889 1527 917 1568 v.
939 1508 1009 1584 apud
1023 1507 1190 1578 Richlerum3

117 1611 170 1669 ego
200 1591 233 1650 de
263 1591 365 1650 duobus
387 1593 488 1650 dixisse
510 1596 576 1652 satis
598 1593 709 1664 habebo.
751 1593 867 1650 Primum
890 1597 971 1670 igitur
998 1591 1192 1670 Aristophanes
1302 1635 1305 1652 .

114 1676 187 1746 Byr.
209 1680 247 1734 ita
264 1682 298 1736 in
319 1675 402 1738 schol.
423 1678 517 1753 Eurip.
539 1685 567 1736 et
587 1673 772 1752 Aristophanis
801 1681 912 1744 citatur,
936 1684 967 1734 ut
985 1681 1047 1734 eum
1068 1687 1193 1752 appareat

115 1765 213 1836 politas
242 1761 361 1816 scenicos
389 1764 458 1816 ornni
489 1763 592 1818 critices
621 1779 716 1836 genere
743 1763 910 1818 tractavisse.
958 1760 999 1816 lta
1024 1763 1053 1818 in
1080 1759 1192 1820 Thesun.

117 1836 195 1904 168.
215 1835 366 1910 Ἀλκαῖος
386 1863 434 1919 pru
457 1841 572 1904 Achaeo
590 1844 715 1918 conjecit,
744 1845 773 1903 in
801 1861 843 1902 av.
871 1835 963 1904 1348.
985 1835 1067 1919 (43.)
1087 1861 1192 1904 veroum

114 1927 267 2002 supplevit,
294 1945 352 1988 ran.
373 1947 400 1988 v.
424 1919 494 1986 153.
517 1929 688 2002 antisigmate
710 1932 736 1982 et
758 1930 874 2002 isgrnute.
890 1929 1004 1995 notavit,
1026 1932 1104 2005 signa
1124 1932 1192 1986 vitu·

5 2043 7 2060 .
115 2008 229 2087 parandi
256 2027 335 2068 causa
361 2015 440 2068 etiarn
467 2011 503 2068 ad
528 2009 594 2071 Eur.
618 2009 684 2070 Tro.
711 2001 763 2070 44.
789 2017 816 2066 et
843 2009 923 2086 Hipp.
954 2005 1025 2072 170.
1049 2019 1082 2069 et
1101 2010 1192 2088 Apoll.

115 2092 208 2153 Rhod.
230 2091 338 2170 Argon.
352 2093 397 2156 1v.
418 2089 490 2154 973.
512 2088 696 2170 apposuit**).
740 2091 800 2156 tura
827 2102 965 2154 remotus
987 2092 1018 2154 G.
1040 2094 1192 2156 Lachanna·
1273 2123 1278 2142 ·

117 2184 235 2246 nus,‘v.
255 2177 317 2246 lll.,
344 2181 375 2236 in
393 2179 453 2238 libri
482 2182 588 2254 saepius
615 2175 715 2236 laudati
742 2197 768 2254 p.
796 2171 869 2240 317.
890 2180 1013 2255 pleraque
1034 2180 1138 2238 scholia
1159 2182 1194 2240 ad

118 2265 215 2338 poetae
238 2268 326 2326 ¹artem
355 2266 500 2338 spectantia
527 2263 573 2320 illi
595 2265 766 2339 grammatico
795 2265 894 2324 tribuit.
943 2262 1038 2340 Neque
1064 2263 1116 2332 hoc¹
1134 2269 1194 2322 veri

119 2353 164 2402 est
192 2345 333 2414 dissimile,
366 2345 507 2404 dnonncdo
539 2343 726 2422 Aristophanis
746 2351 946 2404 *annotationes
975 2367 1023 2422 per
1049 2349 1193 2418 Didymunn

120 2428 233 2488 traditas
251 2447 324 2488 ,esse
353 2449 519 2488 censeamus:
548 2430 577 2490 id
605 2429 674 2504 qnod
697 2429 854 2486 oensendum
877 2433 1076 2499 estamplius,
1099 2433 1193 2505 quibus
1309 2444 1313 2452 “

118 2531 221 2574 saecum
245 2512 285 2570 de
298 2513 545 2590 hypomnematistis
575 2515 707 2572 convenit.
751 2510 935 2587 Aristophanis
958 2520 1043 2570 autern
1065 2519 1194 2572 rationein

121 2600 150 2654 in
172 2591 257 2658 schol.
279 2597 364 2674 Seph.
384 2597 500 2656 habitam
522 2601 584 2657 esse
604 2597 647 2652 vel
669 2594 754 2655 schol.
776 2593 868 2672 Antig.
898 2603 1057 2671 postremum
1087 2597 1194 2656 demon·

121 2689 208 2750 strat,-
231 2681 302 2757 qurcd
323 2700 382 2742 caua
403 2679 607 2758 Aristophaoica
635 2679 780 2738 didascalia
801 2699 884 2756 paerw
905 2682 1062 2738 verbotenus
1085 2701 1194 2740 consen·

121 2770 170 2835 tit,
189 2769 353 2842 praesertim
381 2769 406 2824 si
434 2783 492 2826 earn
513 2767 646 2844 paulisper
667 2771 813 2832 mutamus,
844 2763 914 2839 quod
933 2766 1112 2824 necessarium
1135 2787 1196 2826 esse

120 2849 286 2910 Snevernius
304 2855 334 2910 in
354 2869 448 2911 worn.
471 2849 546 2910 acad.
567 2849 655 2911 Berol.
677 2869 701 2910 a.
719 2841 810 2908 1821.
832 2867 858 2925 p.
874 2843 927 2928 31.
948 2853 1035 2910 evicit.
1077 2850 1132 2913 Sed
1152 2851 1197 2910 hic

122 2953 201 3010 quum
223 2949 281 3010 pro*
294 2929 504 3013 φωραθεῖσα·
519 2925 606 3012 μετὰ
627 2927 688 2994 τοῦ
702 2920 852 3010 Αίμονος
873 2925 1008 2992 δίδοται
1028 2937 1125 2992 scribat
1145 2952 1196 3015 pn,

122 3005 326 3163 §panselenos
358 3015 402 3088 δ..
422 3020 528 3080 lucitus
549 3016 747 3080 emendaveris:
766 3033 819 3098 pa,
842 3009 930 3096 pessel
951 3011 1051 3077 τοῦτο
1064 3005 1197 3096 Αἵμωνι

147 3115 160 3160 ι
185 3118 334 3165 otae...

206 3188 337 3247 Fortasse
348 3185 549 3264 Aristophanes,
561 3188 686 3256 ,sonasse
706 3187 777 3244 alius
799 3189 906 3244 criticos
927 3187 1046 3244 notulam
1068 3184 1102 3242 ad
1114 3184 1195 3245 Pind.

121 3269 216 3333 hum.
238 3272 287 3334 lll.
307 3265 361 3334 47.
383 3276 548 3349 applauserat,
574 3275 620 3329 uhi
640 3275 669 3327 in
691 3269 794 3326 scholio
816 3271 925 3345 legitur:
953 3259 1136 3347 χρύσιππος
1157 3263 1195 3328 dd

122 3346 345 3432 oeonpcelwws'
366 3373 404 3440 φ.
425 3349 444 3413 ὁ
466 3343 568 3422 τόπος
590 3346 650 3412 διά
674 3345 736 3422 τήν
757 3345 896 3432 φράσιν.
938 3351 992 3410 Sed
1013 3359 1115 3428 praeter
1136 3373 1195 3410 euro

121 3442 181 3517 ejus
211 3441 357 3517 discipulus
392 3448 461 3498 certe
482 3437 653 3498 Aristarchus
675 3439 753 3512 signa
773 3455 822 3492 sua
844 3435 956 3514 adjecit,
983 3438 1098 3516 cujusx
1126 3457 1216 3519 comg

122 3533 283 3583 memoratur
308 3524 344 3582 ad
371 3523 465 3584 lsthm.
493 3522 526 3584 V.
546 3515 599 3583 47.
632 3529 659 3579 et
689 3524 775 3578 avium
796 3513 862 3590 76„
899 3523 974 3600 cujus
996 3522 1087 3580 obelus
1109 3529 1195 3579 antam

121 3607 156 3667 nd
190 3608 295 3685 Olymp.
327 3608 363 3668 ll.
394 3600 447 3669 48.
476 3615 504 3666 et
531 3627 589 3669 rao.
618 3598 709 3668 1474.
740 3612 767 3662 et
786 3608 814 3663 in
835 3605 924 3662 Procli
944 3607 1013 3682 prol.
1034 3609 1061 3662 in
1082 3605 1196 3666 Hesicd.

122 3691 213 3770 theog.
236 3693 413 3771 significatur,
443 3694 542 3769 passim
563 3706 627 3750 vero
655 3695 683 3750 io
705 3688 789 3748 schol.
812 3689 891 3752 Hom.
912 3689 1083 3752 Recenticres
1110 3697 1195 3748 autern

123 3777 281 3853 interpretes
304 3796 337 3836 ea
357 3781 459 3836 ratione
493 3778 650 3834 sententiam
683 3793 758 3834 suam
789 3776 883 3832 tulisse
915 3792 968 3830 non
999 3779 1073 3848 puto.
1126 3771 1196 3832 Nam
1271 3804 1275 3815 ·

121 3859 300 3952 symmachus
322 3869 392 3920 certe
414 3863 475 3922 nub.
497 3881 525 3918 v.
548 3853 642 3922 1819.
660 3852 741 3934 (15.)
763 3862 915 3934 vituperans
937 3859 974 3914 ait
994 3849 1088 3915 ἐνδεῖ
1105 3850 1196 3918 dd'td

120 3979 163 4042 χ,
184 3962 213 4020 id
232 3966 299 4040 ipse·
313 3979 443 4040 apponere
463 3981 517 4020 nnn
544 3979 639 4028 ausus,
672 3959 822 4033 similiaque
850 3959 950 4034 passim
972 3961 1000 4017 in
1022 3956 1056 4017 ils
1078 3957 1206 4029 scholiis.

194 4143 220 4197 ‘l
239 4146 274 4196 Gl.
291 4144 374 4196 helino.
392 4159 415 4204 p.
434 4145 473 4190 lt).
493 4158 516 4204 p.
536 4143 585 4190 Ait
604 4155 657 4204 sqq.

196 4207 336 4279 ··)1tsrn·
355 4214 521 4260 annotationum
538 4219 626 4278 partera
644 4209 761 4260 lticlrtem
780 4223 802 4271 p.
823 4205 862 4262 ll.
880 4210 985 4262 citarit.⁴
